@Comment Examples of bibliographic entries with many authors.

@article{Pilia_2020,
  doi          = {10.3847/2041-8213/ab96c0},
  url          = {https://doi.org/10.3847%2F2041-8213%2Fab96c0},
  year         = 2020,
  month        = {jun},
  publisher    = {American Astronomical Society},
  volume       = {896},
  number       = {2},
  pages        = {L40},
  author       = {M. Pilia and M. Burgay and A. Possenti and A. Ridolfi and
                  V. Gajjar and A. Corongiu and D. Perrodin and G. Bernardi and
                  G. Naldi and G. Pupillo and F. Ambrosino and G. Bianchi and
                  A. Burtovoi and P. Casella and C. Casentini and M. Cecconi and
                  C. Ferrigno and M. Fiori and K. C. Gendreau and A. Ghedina and
                  G. Naletto and L. Nicastro and P. Ochner and E. Palazzi and
                  F. Panessa and A. Papitto and C. Pittori and N. Rea and
                  G. A. Rodriguez Castillo and V. Savchenko and G. Setti and
                  M. Tavani and A. Trois and M. Trudu and M. Turatto and A. Ursi
                  and F. Verrecchia and L. Zampieri},
  title        = {The Lowest-frequency Fast Radio Bursts: Sardinia Radio
                  Telescope Detection of the Periodic {FRB} 180916 at 328 {MHz}},
  journal      = {The Astrophysical Journal},
  abstract     = {We report on the lowest-frequency detection to date of three
                  bursts from the fast radio burst FRB 180916.J0158+65, observed
                  at 328 MHz with the Sardinia Radio Telescope (SRT). The SRT
                  observed the periodic repeater FRB 180916.J0158+65 for five
                  days from 2020 February 20 to 24 during a time interval of
                  active radio bursting, and detected the three bursts during
                  the first hour of observations; no more bursts were detected
                  during the remaining ∼30 hr. Simultaneous SRT observations at
                  1548 MHz did not detect any bursts. Burst fluences are in the
                  range 37 to 13 Jy ms. No relevant scattering is observed for
                  these bursts. We also present the results of the
                  multi-wavelength campaign we performed on FRB 180916.J0158+65,
                  during the five days of the active window. Simultaneously with
                  the SRT observations, others with different time spans were
                  performed with the Northern Cross at 408 MHz, with XMM-Newton,
                  NICER, INTEGRAL, AGILE, and with the TNG and two optical
                  telescopes in Asiago, which are equipped with fast
                  photometers. XMM-Newton obtained data simultaneously with the
                  three bursts detected by the SRT, and determined a luminosity
                  upper limit in the 0.3–10 keV energy range of ∼1045 erg s−1
                  for the burst emission. AGILE obtained data simultaneously
                  with the first burst and determined a fluence upper limit in
                  the MeV range for millisecond timescales of . Our results show
                  that absorption from the circumburst medium does not
                  significantly affect the emission from FRB 180916.J0158+65,
                  thus limiting the possible presence of a superluminous
                  supernova around the source, and indicate that a cutoff for
                  the bursting mechanism, if present, must be at lower
                  frequencies. Our multi-wavelength campaign sensitively
                  constrains the broadband emission from FRB 180916.J0158+65,
                  and provides the best limits so far for the electromagnetic
                  response to the radio bursting of this remarkable source of
                  fast radio bursts.}
}

@article{LHC_Physics_Letters_20121,
  title        = {Observation of a new particle in the search for the Standard
                  Model {Higgs} boson with the {ATLAS} detector at the {LHC}},
  journal      = {Physics Letters B},
  volume       = 716,
  number       = 1,
  pages        = {1-29},
  year         = 2012,
  issn         = {0370-2693},
  doi          = {10.1016/j.physletb.2012.08.020},
  url          =
                  {http://www.sciencedirect.com/science/article/pii/S037026931200857X},
  author       = {G. Aad and T. Abajyan and B. Abbott and J. Abdallah and
                  S. [Abdel Khalek] and A.A. Abdelalim and O. Abdinov and
                  R. Aben and B. Abi and M. Abolins and O.S. AbouZeid and
                  H. Abramowicz and H. Abreu and B.S. Acharya and L. Adamczyk
                  and D.L. Adams and T.N. Addy and J. Adelman and S. Adomeit and
                  P. Adragna and T. Adye and S. Aefsky and J.A. Aguilar-Saavedra
                  and M. Agustoni and M. Aharrouche and S.P. Ahlen and F. Ahles
                  and A. Ahmad and M. Ahsan and G. Aielli and T. Akdogan and
                  T.P.A. Åkesson and G. Akimoto and A.V. Akimov and M.S. Alam
                  and M.A. Alam and J. Albert and S. Albrand and M. Aleksa and
                  I.N. Aleksandrov and F. Alessandria and C. Alexa and
                  G. Alexander and G. Alexandre and T. Alexopoulos and
                  M. Alhroob and M. Aliev and G. Alimonti and J. Alison and
                  B.M.M. Allbrooke and P.P. Allport and S.E. Allwood-Spiers and
                  J. Almond and A. Aloisio and R. Alon and A. Alonso and
                  F. Alonso and A. Altheimer and B. [Alvarez Gonzalez] and
                  M.G. Alviggi and K. Amako and C. Amelung and V.V. Ammosov and
                  S.P. [Amor Dos Santos] and A. Amorim and N. Amram and
                  C. Anastopoulos and L.S. Ancu and N. Andari and T. Andeen and
                  C.F. Anders and G. Anders and K.J. Anderson and A. Andreazza
                  and V. Andrei and M.-L. Andrieux and X.S. Anduaga and
                  S. Angelidakis and P. Anger and A. Angerami and F. Anghinolfi
                  and A. Anisenkov and N. Anjos and A. Annovi and A. Antonaki
                  and M. Antonelli and A. Antonov and J. Antos and F. Anulli and
                  M. Aoki and S. Aoun and L. [Aperio Bella] and R. Apolle and
                  G. Arabidze and I. Aracena and Y. Arai and A.T.H. Arce and
                  S. Arfaoui and J.-F. Arguin and E. Arik and M. Arik and
                  A.J. Armbruster and O. Arnaez and V. Arnal and C. Arnault and
                  A. Artamonov and G. Artoni and D. Arutinov and S. Asai and
                  S. Ask and B. Åsman and L. Asquith and K. Assamagan and
                  A. Astbury and M. Atkinson and B. Aubert and E. Auge and
                  K. Augsten and M. Aurousseau and G. Avolio and R. Avramidou
                  and D. Axen and G. Azuelos and Y. Azuma and M.A. Baak and
                  G. Baccaglioni and C. Bacci and A.M. Bach and H. Bachacou and
                  K. Bachas and M. Backes and M. Backhaus and J. [Backus Mayes]
                  and E. Badescu and P. Bagnaia and S. Bahinipati and Y. Bai and
                  D.C. Bailey and T. Bain and J.T. Baines and O.K. Baker and
                  M.D. Baker and S. Baker and P. Balek and E. Banas and
                  P. Banerjee and Sw. Banerjee and D. Banfi and A. Bangert and
                  V. Bansal and H.S. Bansil and L. Barak and S.P. Baranov and
                  A. [Barbaro Galtieri] and T. Barber and E.L. Barberio and
                  D. Barberis and M. Barbero and D.Y. Bardin and T. Barillari
                  and M. Barisonzi and T. Barklow and N. Barlow and B.M. Barnett
                  and R.M. Barnett and A. Baroncelli and G. Barone and A.J. Barr
                  and F. Barreiro and J. [Barreiro Guimarães da Costa] and
                  P. Barrillon and R. Bartoldus and A.E. Barton and V. Bartsch
                  and A. Basye and R.L. Bates and L. Batkova and J.R. Batley and
                  A. Battaglia and M. Battistin and F. Bauer and H.S. Bawa and
                  S. Beale and T. Beau and P.H. Beauchemin and R. Beccherle and
                  P. Bechtle and H.P. Beck and A.K. Becker and S. Becker and
                  M. Beckingham and K.H. Becks and A.J. Beddall and A. Beddall
                  and S. Bedikian and V.A. Bednyakov and C.P. Bee and
                  L.J. Beemster and M. Begel and S. [Behar Harpaz] and
                  P.K. Behera and M. Beimforde and C. Belanger-Champagne and
                  P.J. Bell and W.H. Bell and G. Bella and L. Bellagamba and
                  M. Bellomo and A. Belloni and O. Beloborodova and K. Belotskiy
                  and O. Beltramello and O. Benary and D. Benchekroun and
                  K. Bendtz and N. Benekos and Y. Benhammou and E. [Benhar
                  Noccioli] and J.A. [Benitez Garcia] and D.P. Benjamin and
                  M. Benoit and J.R. Bensinger and K. Benslama and S. Bentvelsen
                  and D. Berge and E. [Bergeaas Kuutmann] and N. Berger and
                  F. Berghaus and E. Berglund and J. Beringer and P. Bernat and
                  R. Bernhard and C. Bernius and F.U. Bernlochner and T. Berry
                  and C. Bertella and A. Bertin and F. Bertolucci and
                  M.I. Besana and G.J. Besjes and N. Besson and S. Bethke and
                  W. Bhimji and R.M. Bianchi and M. Bianco and O. Biebel and
                  S.P. Bieniek and K. Bierwagen and J. Biesiada and M. Biglietti
                  and H. Bilokon and M. Bindi and S. Binet and A. Bingul and
                  C. Bini and C. Biscarat and B. Bittner and K.M. Black and
                  R.E. Blair and J.-B. Blanchard and G. Blanchot and T. Blazek
                  and I. Bloch and C. Blocker and J. Blocki and A. Blondel and
                  W. Blum and U. Blumenschein and G.J. Bobbink and
                  V.B. Bobrovnikov and S.S. Bocchetta and A. Bocci and
                  C.R. Boddy and M. Boehler and J. Boek and N. Boelaert and
                  J.A. Bogaerts and A. Bogdanchikov and A. Bogouch and C. Bohm
                  and J. Bohm and V. Boisvert and T. Bold and V. Boldea and
                  N.M. Bolnet and M. Bomben and M. Bona and M. Boonekamp and
                  S. Bordoni and C. Borer and A. Borisov and G. Borissov and
                  I. Borjanovic and M. Borri and S. Borroni and V. Bortolotto
                  and K. Bos and D. Boscherini and M. Bosman and H. Boterenbrood
                  and J. Bouchami and J. Boudreau and E.V. Bouhova-Thacker and
                  D. Boumediene and C. Bourdarios and N. Bousson and A. Boveia
                  and J. Boyd and I.R. Boyko and I. Bozovic-Jelisavcic and
                  J. Bracinik and P. Branchini and G.W. Brandenburg and
                  A. Brandt and G. Brandt and O. Brandt and U. Bratzler and
                  B. Brau and J.E. Brau and H.M. Braun and S.F. Brazzale and
                  B. Brelier and J. Bremer and K. Brendlinger and R. Brenner and
                  S. Bressler and D. Britton and F.M. Brochu and I. Brock and
                  R. Brock and F. Broggi and C. Bromberg and J. Bronner and
                  G. Brooijmans and T. Brooks and W.K. Brooks and G. Brown and
                  H. Brown and P.A. [Bruckman de Renstrom] and D. Bruncko and
                  R. Bruneliere and S. Brunet and A. Bruni and G. Bruni and
                  M. Bruschi and T. Buanes and Q. Buat and F. Bucci and
                  J. Buchanan and P. Buchholz and R.M. Buckingham and
                  A.G. Buckley and S.I. Buda and I.A. Budagov and B. Budick and
                  V. Büscher and L. Bugge and O. Bulekov and A.C. Bundock and
                  M. Bunse and T. Buran and H. Burckhart and S. Burdin and
                  T. Burgess and S. Burke and E. Busato and P. Bussey and
                  C.P. Buszello and B. Butler and J.M. Butler and C.M. Buttar
                  and J.M. Butterworth and W. Buttinger and S. [Cabrera Urbán]
                  and D. Caforio and O. Cakir and P. Calafiura and G. Calderini
                  and P. Calfayan and R. Calkins and L.P. Caloba and R. Caloi
                  and D. Calvet and S. Calvet and R. [Camacho Toro] and
                  P. Camarri and D. Cameron and L.M. Caminada and R. [Caminal
                  Armadans] and S. Campana and M. Campanelli and V. Canale and
                  F. Canelli and A. Canepa and J. Cantero and R. Cantrill and
                  L. Capasso and M.D.M. [Capeans Garrido] and I. Caprini and
                  M. Caprini and D. Capriotti and M. Capua and R. Caputo and
                  R. Cardarelli and T. Carli and G. Carlino and L. Carminati and
                  B. Caron and S. Caron and E. Carquin and G.D. Carrillo-Montoya
                  and A.A. Carter and J.R. Carter and J. Carvalho and D. Casadei
                  and M.P. Casado and M. Cascella and C. Caso and
                  A.M. [Castaneda Hernandez] and E. Castaneda-Miranda and
                  V. [Castillo Gimenez] and N.F. Castro and G. Cataldi and
                  P. Catastini and A. Catinaccio and J.R. Catmore and A. Cattai
                  and G. Cattani and S. Caughron and V. Cavaliere and
                  P. Cavalleri and D. Cavalli and M. Cavalli-Sforza and
                  V. Cavasinni and F. Ceradini and A.S. Cerqueira and A. Cerri
                  and L. Cerrito and F. Cerutti and S.A. Cetin and A. Chafaq and
                  D. Chakraborty and I. Chalupkova and K. Chan and P. Chang and
                  B. Chapleau and J.D. Chapman and J.W. Chapman and E. Chareyre
                  and D.G. Charlton and V. Chavda and C.A. [Chavez Barajas] and
                  S. Cheatham and S. Chekanov and S.V. Chekulaev and
                  G.A. Chelkov and M.A. Chelstowska and C. Chen and H. Chen and
                  S. Chen and X. Chen and Y. Chen and Y. Cheng and A. Cheplakov
                  and R. [Cherkaoui El Moursli] and V. Chernyatin and E. Cheu
                  and S.L. Cheung and L. Chevalier and G. Chiefari and
                  L. Chikovani and J.T. Childers and A. Chilingarov and
                  G. Chiodini and A.S. Chisholm and R.T. Chislett and A. Chitan
                  and M.V. Chizhov and G. Choudalakis and S. Chouridou and
                  I.A. Christidi and A. Christov and D. Chromek-Burckhart and
                  M.L. Chu and J. Chudoba and G. Ciapetti and A.K. Ciftci and
                  R. Ciftci and D. Cinca and V. Cindro and C. Ciocca and
                  A. Ciocio and M. Cirilli and P. Cirkovic and Z.H. Citron and
                  M. Citterio and M. Ciubancan and A. Clark and P.J. Clark and
                  R.N. Clarke and W. Cleland and J.C. Clemens and B. Clement and
                  C. Clement and Y. Coadou and M. Cobal and A. Coccaro and
                  J. Cochran and L. Coffey and J.G. Cogan and J. Coggeshall and
                  E. Cogneras and J. Colas and S. Cole and A.P. Colijn and
                  N.J. Collins and C. Collins-Tooth and J. Collot and T. Colombo
                  and G. Colon and G. Compostella and P. [Conde Muiño] and
                  E. Coniavitis and M.C. Conidi and S.M. Consonni and
                  V. Consorti and S. Constantinescu and C. Conta and G. Conti
                  and F. Conventi and M. Cooke and B.D. Cooper and
                  A.M. Cooper-Sarkar and N.J. Cooper-Smith and K. Copic and
                  T. Cornelissen and M. Corradi and F. Corriveau and
                  A. Cortes-Gonzalez and G. Cortiana and G. Costa and M.J. Costa
                  and D. Costanzo and D. Côté and L. Courneyea and G. Cowan and
                  C. Cowden and B.E. Cox and K. Cranmer and F. Crescioli and
                  M. Cristinziani and G. Crosetti and S. Crépé-Renaudin and
                  C.-M. Cuciuc and C. [Cuenca Almenar] and T. [Cuhadar
                  Donszelmann] and M. Curatolo and C.J. Curtis and C. Cuthbert
                  and P. Cwetanski and H. Czirr and P. Czodrowski and
                  Z. Czyczula and S. DʼAuria and M. DʼOnofrio and A. DʼOrazio
                  and M.J. [Da Cunha Sargedas De Sousa] and C. [Da Via] and
                  W. Dabrowski and A. Dafinca and T. Dai and C. Dallapiccola and
                  M. Dam and M. Dameri and D.S. Damiani and H.O. Danielsson and
                  V. Dao and G. Darbo and G.L. Darlea and J.A. Dassoulas and
                  W. Davey and T. Davidek and N. Davidson and R. Davidson and
                  E. Davies and M. Davies and O. Davignon and A.R. Davison and
                  Y. Davygora and E. Dawe and I. Dawson and
                  R.K. Daya-Ishmukhametova and K. De and R. [de Asmundis] and
                  S. [De Castro] and S. [De Cecco] and J. [de Graat] and N. [De
                  Groot] and P. [de Jong] and C. [De La Taille] and H. [De la
                  Torre] and F. [De Lorenzi] and L. [de Mora] and L. [De Nooij]
                  and D. [De Pedis] and A. [De Salvo] and U. [De Sanctis] and
                  A. [De Santo] and J.B. [De Vivie De Regie] and G. [De Zorzi]
                  and W.J. Dearnaley and R. Debbe and C. Debenedetti and
                  B. Dechenaux and D.V. Dedovich and J. Degenhardt and C. [Del
                  Papa] and J. [Del Peso] and T. [Del Prete] and T. Delemontex
                  and M. Deliyergiyev and A. DellʼAcqua and L. DellʼAsta and
                  M. [Della Pietra] and D. [della Volpe] and M. Delmastro and
                  P. Delpierre and P.A. Delsart and C. Deluca and S. Demers and
                  M. Demichev and B. Demirkoz and J. Deng and S.P. Denisov and
                  D. Derendarz and J.E. Derkaoui and F. Derue and P. Dervan and
                  K. Desch and E. Devetak and P.O. Deviveiros and A. Dewhurst
                  and B. DeWilde and S. Dhaliwal and R. Dhullipudi and A. [Di
                  Ciaccio] and L. [Di Ciaccio] and C. [Di Donato] and A. [Di
                  Girolamo] and B. [Di Girolamo] and S. [Di Luise] and A. [Di
                  Mattia] and B. [Di Micco] and R. [Di Nardo] and A. [Di Simone]
                  and R. [Di Sipio] and M.A. Diaz and E.B. Diehl and J. Dietrich
                  and T.A. Dietzsch and S. Diglio and K. [Dindar Yagci] and
                  J. Dingfelder and F. Dinut and C. Dionisi and P. Dita and
                  S. Dita and F. Dittus and F. Djama and T. Djobava and
                  M.A.B. [do Vale] and A. [Do Valle Wemans] and T.K.O. Doan and
                  M. Dobbs and R. Dobinson and D. Dobos and E. Dobson and
                  J. Dodd and C. Doglioni and T. Doherty and Y. Doi and
                  J. Dolejsi and I. Dolenc and Z. Dolezal and B.A. Dolgoshein
                  and T. Dohmae and M. Donadelli and J. Donini and J. Dopke and
                  A. Doria and A. [Dos Anjos] and A. Dotti and M.T. Dova and
                  J.D. Dowell and A.D. Doxiadis and A.T. Doyle and N. Dressnandt
                  and M. Dris and J. Dubbert and S. Dube and E. Duchovni and
                  G. Duckeck and D. Duda and A. Dudarev and F. Dudziak and
                  M. Dührssen and I.P. Duerdoth and L. Duflot and M.-A. Dufour
                  and L. Duguid and M. Dunford and H. [Duran Yildiz] and
                  R. Duxfield and M. Dwuznik and F. Dydak and M. Düren and
                  W.L. Ebenstein and J. Ebke and S. Eckweiler and K. Edmonds and
                  W. Edson and C.A. Edwards and N.C. Edwards and W. Ehrenfeld
                  and T. Eifert and G. Eigen and K. Einsweiler and
                  E. Eisenhandler and T. Ekelof and M. [El Kacimi] and M. Ellert
                  and S. Elles and F. Ellinghaus and K. Ellis and N. Ellis and
                  J. Elmsheuser and M. Elsing and D. Emeliyanov and R. Engelmann
                  and A. Engl and B. Epp and J. Erdmann and A. Ereditato and
                  D. Eriksson and J. Ernst and M. Ernst and J. Ernwein and
                  D. Errede and S. Errede and E. Ertel and M. Escalier and
                  H. Esch and C. Escobar and X. [Espinal Curull] and B. Esposito
                  and F. Etienne and A.I. Etienvre and E. Etzion and
                  D. Evangelakou and H. Evans and L. Fabbri and C. Fabre and
                  R.M. Fakhrutdinov and S. Falciano and Y. Fang and M. Fanti and
                  A. Farbin and A. Farilla and J. Farley and T. Farooque and
                  S. Farrell and S.M. Farrington and P. Farthouat and F. Fassi
                  and P. Fassnacht and D. Fassouliotis and B. Fatholahzadeh and
                  A. Favareto and L. Fayard and S. Fazio and R. Febbraro and
                  P. Federic and O.L. Fedin and W. Fedorko and
                  M. Fehling-Kaschek and L. Feligioni and D. Fellmann and
                  C. Feng and E.J. Feng and A.B. Fenyuk and J. Ferencei and
                  W. Fernando and S. Ferrag and J. Ferrando and V. Ferrara and
                  A. Ferrari and P. Ferrari and R. Ferrari and D.E. [Ferreira de
                  Lima] and A. Ferrer and D. Ferrere and C. Ferretti and
                  A. [Ferretto Parodi] and M. Fiascaris and F. Fiedler and
                  A. Filipčič and F. Filthaut and M. Fincke-Keeler and
                  M.C.N. Fiolhais and L. Fiorini and A. Firan and G. Fischer and
                  M.J. Fisher and M. Flechl and I. Fleck and J. Fleckner and
                  P. Fleischmann and S. Fleischmann and T. Flick and A. Floderus
                  and L.R. [Flores Castillo] and M.J. Flowerdew and T. [Fonseca
                  Martin] and A. Formica and A. Forti and D. Fortin and
                  D. Fournier and A.J. Fowler and H. Fox and P. Francavilla and
                  M. Franchini and S. Franchino and D. Francis and T. Frank and
                  M. Franklin and S. Franz and M. Fraternali and S. Fratina and
                  S.T. French and C. Friedrich and F. Friedrich and R. Froeschl
                  and D. Froidevaux and J.A. Frost and C. Fukunaga and
                  E. [Fullana Torregrosa] and B.G. Fulsom and J. Fuster and
                  C. Gabaldon and O. Gabizon and S. Gadatsch and T. Gadfort and
                  S. Gadomski and G. Gagliardi and P. Gagnon and C. Galea and
                  B. Galhardo and E.J. Gallas and V. Gallo and B.J. Gallop and
                  P. Gallus and K.K. Gan and Y.S. Gao and A. Gaponenko and
                  F. Garberson and M. Garcia-Sciveres and C. García and
                  J.E. [García Navarro] and R.W. Gardner and N. Garelli and
                  H. Garitaonandia and V. Garonne and C. Gatti and G. Gaudio and
                  B. Gaur and L. Gauthier and P. Gauzzi and I.L. Gavrilenko and
                  C. Gay and G. Gaycken and E.N. Gazis and P. Ge and Z. Gecse
                  and C.N.P. Gee and D.A.A. Geerts and Ch. Geich-Gimbel and
                  K. Gellerstedt and C. Gemme and A. Gemmell and M.H. Genest and
                  S. Gentile and M. George and S. George and P. Gerlach and
                  A. Gershon and C. Geweniger and H. Ghazlane and N. Ghodbane
                  and B. Giacobbe and S. Giagu and V. Giakoumopoulou and
                  V. Giangiobbe and F. Gianotti and B. Gibbard and A. Gibson and
                  S.M. Gibson and M. Gilchriese and O. Gildemeister and
                  D. Gillberg and A.R. Gillman and D.M. Gingrich and J. Ginzburg
                  and N. Giokaris and M.P. Giordani and R. Giordano and
                  F.M. Giorgi and P. Giovannini and P.F. Giraud and D. Giugni
                  and M. Giunta and P. Giusti and B.K. Gjelsten and
                  L.K. Gladilin and C. Glasman and J. Glatzer and A. Glazov and
                  K.W. Glitza and G.L. Glonti and J.R. Goddard and J. Godfrey
                  and J. Godlewski and M. Goebel and T. Göpfert and C. Goeringer
                  and C. Gössling and S. Goldfarb and T. Golling and A. Gomes
                  and L.S. [Gomez Fajardo] and R. Gonçalo and J. [Goncalves
                  Pinto Firmino Da Costa] and L. Gonella and S. [González de la
                  Hoz] and G. [Gonzalez Parra] and M.L. [Gonzalez Silva] and
                  S. Gonzalez-Sevilla and J.J. Goodson and L. Goossens and
                  P.A. Gorbounov and H.A. Gordon and I. Gorelov and G. Gorfine
                  and B. Gorini and E. Gorini and A. Gorišek and E. Gornicki and
                  B. Gosdzik and A.T. Goshaw and M. Gosselink and M.I. Gostkin
                  and I. [Gough Eschrich] and M. Gouighri and D. Goujdami and
                  M.P. Goulette and A.G. Goussiou and C. Goy and S. Gozpinar and
                  I. Grabowska-Bold and P. Grafström and K.-J. Grahn and
                  E. Gramstad and F. Grancagnolo and S. Grancagnolo and
                  V. Grassi and V. Gratchev and N. Grau and H.M. Gray and
                  J.A. Gray and E. Graziani and O.G. Grebenyuk and T. Greenshaw
                  and Z.D. Greenwood and K. Gregersen and I.M. Gregor and
                  P. Grenier and J. Griffiths and N. Grigalashvili and
                  A.A. Grillo and S. Grinstein and Ph. Gris and Y.V. Grishkevich
                  and J.-F. Grivaz and E. Gross and J. Grosse-Knetter and
                  J. Groth-Jensen and K. Grybel and D. Guest and C. Guicheney
                  and T. Guillemin and S. Guindon and U. Gul and J. Gunther and
                  B. Guo and J. Guo and P. Gutierrez and N. Guttman and
                  O. Gutzwiller and C. Guyot and C. Gwenlan and C.B. Gwilliam
                  and A. Haas and S. Haas and C. Haber and H.K. Hadavand and
                  D.R. Hadley and P. Haefner and F. Hahn and S. Haider and
                  Z. Hajduk and H. Hakobyan and D. Hall and J. Haller and
                  K. Hamacher and P. Hamal and K. Hamano and M. Hamer and
                  A. Hamilton and S. Hamilton and L. Han and K. Hanagaki and
                  K. Hanawa and M. Hance and C. Handel and P. Hanke and
                  J.R. Hansen and J.B. Hansen and J.D. Hansen and P.H. Hansen
                  and P. Hansson and K. Hara and A.S. Hard and G.A. Hare and
                  T. Harenberg and S. Harkusha and D. Harper and R.D. Harrington
                  and O.M. Harris and J. Hartert and F. Hartjes and T. Haruyama
                  and A. Harvey and S. Hasegawa and Y. Hasegawa and S. Hassani
                  and S. Haug and M. Hauschild and R. Hauser and M. Havranek and
                  C.M. Hawkes and R.J. Hawkings and A.D. Hawkins and T. Hayakawa
                  and T. Hayashi and D. Hayden and C.P. Hays and H.S. Hayward
                  and S.J. Haywood and S.J. Head and V. Hedberg and L. Heelan
                  and S. Heim and B. Heinemann and S. Heisterkamp and L. Helary
                  and C. Heller and M. Heller and S. Hellman and D. Hellmich and
                  C. Helsens and R.C.W. Henderson and M. Henke and A. Henrichs
                  and A.M. [Henriques Correia] and S. Henrot-Versille and
                  C. Hensel and T. Henß and C.M. Hernandez and Y. [Hernández
                  Jiménez] and R. Herrberg and G. Herten and R. Hertenberger and
                  L. Hervas and G.G. Hesketh and N.P. Hessey and
                  E. Higón-Rodriguez and J.C. Hill and K.H. Hiller and
                  S. Hillert and S.J. Hillier and I. Hinchliffe and E. Hines and
                  M. Hirose and F. Hirsch and D. Hirschbuehl and J. Hobbs and
                  N. Hod and M.C. Hodgkinson and P. Hodgson and A. Hoecker and
                  M.R. Hoeferkamp and J. Hoffman and D. Hoffmann and M. Hohlfeld
                  and M. Holder and S.O. Holmgren and T. Holy and J.L. Holzbauer
                  and T.M. Hong and L. [Hooft van Huysduynen] and S. Horner and
                  J.-Y. Hostachy and S. Hou and A. Hoummada and J. Howard and
                  J. Howarth and I. Hristova and J. Hrivnac and T. Hrynʼova and
                  P.J. Hsu and S.-C. Hsu and D. Hu and Z. Hubacek and F. Hubaut
                  and F. Huegging and A. Huettmann and T.B. Huffman and
                  E.W. Hughes and G. Hughes and M. Huhtinen and M. Hurwitz and
                  N. Huseynov and J. Huston and J. Huth and G. Iacobucci and
                  G. Iakovidis and M. Ibbotson and I. Ibragimov and
                  L. Iconomidou-Fayard and J. Idarraga and P. Iengo and
                  O. Igonkina and Y. Ikegami and M. Ikeno and D. Iliadis and
                  N. Ilic and T. Ince and J. Inigo-Golfin and P. Ioannou and
                  M. Iodice and K. Iordanidou and V. Ippolito and A. [Irles
                  Quiles] and C. Isaksson and M. Ishino and M. Ishitsuka and
                  R. Ishmukhametov and C. Issever and S. Istin and A.V. Ivashin
                  and W. Iwanski and H. Iwasaki and J.M. Izen and V. Izzo and
                  B. Jackson and J.N. Jackson and P. Jackson and M.R. Jaekel and
                  V. Jain and K. Jakobs and S. Jakobsen and T. Jakoubek and
                  J. Jakubek and D.O. Jamin and D.K. Jana and E. Jansen and
                  H. Jansen and A. Jantsch and M. Janus and G. Jarlskog and
                  L. Jeanty and I. [Jen-La Plante] and D. Jennens and P. Jenni
                  and A.E. Loevschall-Jensen and P. Jež and S. Jézéquel and
                  M.K. Jha and H. Ji and W. Ji and J. Jia and Y. Jiang and
                  M. [Jimenez Belenguer] and S. Jin and O. Jinnouchi and
                  M.D. Joergensen and D. Joffe and M. Johansen and
                  K.E. Johansson and P. Johansson and S. Johnert and K.A. Johns
                  and K. Jon-And and G. Jones and R.W.L. Jones and T.J. Jones
                  and C. Joram and P.M. Jorge and K.D. Joshi and J. Jovicevic
                  and T. Jovin and X. Ju and C.A. Jung and R.M. Jungst and
                  V. Juranek and P. Jussel and A. [Juste Rozas] and S. Kabana
                  and M. Kaci and A. Kaczmarska and P. Kadlecik and M. Kado and
                  H. Kagan and M. Kagan and E. Kajomovitz and S. Kalinin and
                  L.V. Kalinovskaya and S. Kama and N. Kanaya and M. Kaneda and
                  S. Kaneti and T. Kanno and V.A. Kantserov and J. Kanzaki and
                  B. Kaplan and A. Kapliy and J. Kaplon and D. Kar and
                  M. Karagounis and K. Karakostas and M. Karnevskiy and
                  V. Kartvelishvili and A.N. Karyukhin and L. Kashif and
                  G. Kasieczka and R.D. Kass and A. Kastanas and M. Kataoka and
                  Y. Kataoka and E. Katsoufis and J. Katzy and V. Kaushik and
                  K. Kawagoe and T. Kawamoto and G. Kawamura and M.S. Kayl and
                  S. Kazama and V.A. Kazanin and M.Y. Kazarinov and R. Keeler
                  and P.T. Keener and R. Kehoe and M. Keil and G.D. Kekelidze
                  and J.S. Keller and M. Kenyon and O. Kepka and N. Kerschen and
                  B.P. Kerševan and S. Kersten and K. Kessoku and J. Keung and
                  F. Khalil-zada and H. Khandanyan and A. Khanov and
                  D. Kharchenko and A. Khodinov and A. Khomich and T.J. Khoo and
                  G. Khoriauli and A. Khoroshilov and V. Khovanskiy and
                  E. Khramov and J. Khubua and H. Kim and S.H. Kim and N. Kimura
                  and O. Kind and B.T. King and M. King and R.S.B. King and
                  J. Kirk and A.E. Kiryunin and T. Kishimoto and D. Kisielewska
                  and T. Kitamura and T. Kittelmann and K. Kiuchi and E. Kladiva
                  and M. Klein and U. Klein and K. Kleinknecht and M. Klemetti
                  and A. Klier and P. Klimek and A. Klimentov and R. Klingenberg
                  and J.A. Klinger and E.B. Klinkby and T. Klioutchnikova and
                  P.F. Klok and S. Klous and E.-E. Kluge and T. Kluge and
                  P. Kluit and S. Kluth and E. Kneringer and E.B.F.G. Knoops and
                  A. Knue and B.R. Ko and T. Kobayashi and M. Kobel and
                  M. Kocian and P. Kodys and K. Köneke and A.C. König and
                  S. Koenig and L. Köpke and F. Koetsveld and P. Koevesarki and
                  T. Koffas and E. Koffeman and L.A. Kogan and S. Kohlmann and
                  F. Kohn and Z. Kohout and T. Kohriki and T. Koi and
                  G.M. Kolachev and H. Kolanoski and V. Kolesnikov and
                  I. Koletsou and J. Koll and A.A. Komar and Y. Komori and
                  T. Kondo and T. Kono and A.I. Kononov and R. Konoplich and
                  N. Konstantinidis and R. Kopeliansky and S. Koperny and
                  K. Korcyl and K. Kordas and A. Korn and A. Korol and
                  I. Korolkov and E.V. Korolkova and V.A. Korotkov and
                  O. Kortner and S. Kortner and V.V. Kostyukhin and S. Kotov and
                  V.M. Kotov and A. Kotwal and C. Kourkoumelis and V. Kouskoura
                  and A. Koutsman and R. Kowalewski and T.Z. Kowalski and
                  W. Kozanecki and A.S. Kozhin and V. Kral and V.A. Kramarenko
                  and G. Kramberger and M.W. Krasny and A. Krasznahorkay and
                  J.K. Kraus and S. Kreiss and F. Krejci and J. Kretzschmar and
                  N. Krieger and P. Krieger and K. Kroeninger and H. Kroha and
                  J. Kroll and J. Kroseberg and J. Krstic and U. Kruchonak and
                  H. Krüger and T. Kruker and N. Krumnack and Z.V. Krumshteyn
                  and A. Kruse and T. Kubota and S. Kuday and S. Kuehn and
                  A. Kugel and T. Kuhl and D. Kuhn and V. Kukhtin and
                  Y. Kulchitsky and S. Kuleshov and C. Kummer and M. Kuna and
                  J. Kunkle and A. Kupco and H. Kurashige and M. Kurata and
                  Y.A. Kurochkin and V. Kus and E.S. Kuwertz and M. Kuze and
                  J. Kvita and R. Kwee and A. [La Rosa] and L. [La Rotonda] and
                  L. Labarga and J. Labbe and S. Lablak and C. Lacasta and
                  F. Lacava and J. Lacey and H. Lacker and D. Lacour and
                  V.R. Lacuesta and E. Ladygin and R. Lafaye and B. Laforge and
                  T. Lagouri and S. Lai and E. Laisne and M. Lamanna and
                  L. Lambourne and C.L. Lampen and W. Lampl and E. Lancon and
                  U. Landgraf and M.P.J. Landon and V.S. Lang and C. Lange and
                  A.J. Lankford and F. Lanni and K. Lantzsch and S. Laplace and
                  C. Lapoire and J.F. Laporte and T. Lari and A. Larner and
                  M. Lassnig and P. Laurelli and V. Lavorini and W. Lavrijsen
                  and P. Laycock and T. Lazovich and O. [Le Dortz] and E. [Le
                  Guirriec] and E. [Le Menedeu] and T. LeCompte and
                  F. Ledroit-Guillon and H. Lee and J.S.H. Lee and S.C. Lee and
                  L. Lee and M. Lefebvre and M. Legendre and F. Legger and
                  C. Leggett and M. Lehmacher and G. [Lehmann Miotto] and X. Lei
                  and M.A.L. Leite and R. Leitner and D. Lellouch and B. Lemmer
                  and V. Lendermann and K.J.C. Leney and T. Lenz and G. Lenzen
                  and B. Lenzi and K. Leonhardt and S. Leontsinis and F. Lepold
                  and C. Leroy and J.-R. Lessard and C.G. Lester and C.M. Lester
                  and J. Levêque and D. Levin and L.J. Levinson and A. Lewis and
                  G.H. Lewis and A.M. Leyko and M. Leyton and B. Li and H. Li
                  and H.L. Li and S. Li and X. Li and Z. Liang and H. Liao and
                  B. Liberti and P. Lichard and M. Lichtnecker and K. Lie and
                  W. Liebig and C. Limbach and A. Limosani and M. Limper and
                  S.C. Lin and F. Linde and J.T. Linnemann and E. Lipeles and
                  A. Lipniacka and T.M. Liss and D. Lissauer and A. Lister and
                  A.M. Litke and C. Liu and D. Liu and H. Liu and J.B. Liu and
                  K. Liu and L. Liu and M. Liu and Y. Liu and M. Livan and
                  S.S.A. Livermore and A. Lleres and J. [Llorente Merino] and
                  S.L. Lloyd and E. Lobodzinska and P. Loch and W.S. Lockman and
                  T. Loddenkoetter and F.K. Loebinger and A. Loginov and
                  C.W. Loh and T. Lohse and K. Lohwasser and M. Lokajicek and
                  V.P. Lombardo and J.D. Long and R.E. Long and L. Lopes and
                  D. [Lopez Mateos] and J. Lorenz and N. [Lorenzo Martinez] and
                  M. Losada and P. Loscutoff and F. [Lo Sterzo] and M.J. Losty
                  and X. Lou and A. Lounis and K.F. Loureiro and J. Love and
                  P.A. Love and A.J. Lowe and F. Lu and H.J. Lubatti and C. Luci
                  and A. Lucotte and A. Ludwig and D. Ludwig and I. Ludwig and
                  J. Ludwig and F. Luehring and G. Luijckx and W. Lukas and
                  L. Luminari and E. Lund and B. Lund-Jensen and B. Lundberg and
                  J. Lundberg and O. Lundberg and J. Lundquist and M. Lungwitz
                  and D. Lynn and E. Lytken and H. Ma and L.L. Ma and
                  G. Maccarrone and A. Macchiolo and B. Maček and J. [Machado
                  Miguens] and R. Mackeprang and R.J. Madaras and H.J. Maddocks
                  and W.F. Mader and R. Maenner and T. Maeno and P. Mättig and
                  S. Mättig and L. Magnoni and E. Magradze and K. Mahboubi and
                  J. Mahlstedt and S. Mahmoud and G. Mahout and C. Maiani and
                  C. Maidantchik and A. Maio and S. Majewski and Y. Makida and
                  N. Makovec and P. Mal and B. Malaescu and Pa. Malecki and
                  P. Malecki and V.P. Maleev and F. Malek and U. Mallik and
                  D. Malon and C. Malone and S. Maltezos and V. Malyshev and
                  S. Malyukov and R. Mameghani and J. Mamuzic and A. Manabe and
                  L. Mandelli and I. Mandić and R. Mandrysch and J. Maneira and
                  A. Manfredini and P.S. Mangeard and L. [Manhaes de Andrade
                  Filho] and J.A. [Manjarres Ramos] and A. Mann and P.M. Manning
                  and A. Manousakis-Katsikakis and B. Mansoulie and A. Mapelli
                  and L. Mapelli and L. March and J.F. Marchand and F. Marchese
                  and G. Marchiori and M. Marcisovsky and C.P. Marino and
                  F. Marroquim and Z. Marshall and F.K. Martens and L.F. Marti
                  and S. Marti-Garcia and B. Martin and B. Martin and
                  J.P. Martin and T.A. Martin and V.J. Martin and B. [Martin dit
                  Latour] and S. Martin-Haugh and M. Martinez and V. [Martinez
                  Outschoorn] and A.C. Martyniuk and M. Marx and F. Marzano and
                  A. Marzin and L. Masetti and T. Mashimo and R. Mashinistov and
                  J. Masik and A.L. Maslennikov and I. Massa and G. Massaro and
                  N. Massol and P. Mastrandrea and A. Mastroberardino and
                  T. Masubuchi and P. Matricon and H. Matsunaga and
                  T. Matsushita and C. Mattravers and J. Maurer and
                  S.J. Maxfield and A. Mayne and R. Mazini and M. Mazur and
                  L. Mazzaferro and M. Mazzanti and J. [Mc Donald] and S.P. [Mc
                  Kee] and A. McCarn and R.L. McCarthy and T.G. McCarthy and
                  N.A. McCubbin and K.W. McFarlane and J.A. Mcfayden and
                  G. Mchedlidze and T. Mclaughlan and S.J. McMahon and
                  R.A. McPherson and A. Meade and J. Mechnich and M. Mechtel and
                  M. Medinnis and R. Meera-Lebbai and T. Meguro and R. Mehdiyev
                  and S. Mehlhase and A. Mehta and K. Meier and B. Meirose and
                  C. Melachrinos and B.R. [Mellado Garcia] and F. Meloni and
                  L. [Mendoza Navas] and Z. Meng and A. Mengarelli and S. Menke
                  and E. Meoni and K.M. Mercurio and P. Mermod and L. Merola and
                  C. Meroni and F.S. Merritt and H. Merritt and A. Messina and
                  J. Metcalfe and A.S. Mete and C. Meyer and C. Meyer and
                  J.-P. Meyer and J. Meyer and J. Meyer and T.C. Meyer and
                  S. Michal and L. Micu and R.P. Middleton and S. Migas and
                  L. Mijović and G. Mikenberg and M. Mikestikova and M. Mikuž
                  and D.W. Miller and R.J. Miller and W.J. Mills and C. Mills
                  and A. Milov and D.A. Milstead and D. Milstein and
                  A.A. Minaenko and M. [Miñano Moya] and I.A. Minashvili and
                  A.I. Mincer and B. Mindur and M. Mineev and Y. Ming and
                  L.M. Mir and G. Mirabelli and J. Mitrevski and V.A. Mitsou and
                  S. Mitsui and P.S. Miyagawa and J.U. Mjörnmark and T. Moa and
                  V. Moeller and K. Mönig and N. Möser and S. Mohapatra and
                  W. Mohr and R. Moles-Valls and A. Molfetas and J. Monk and
                  E. Monnier and J. [Montejo Berlingen] and F. Monticelli and
                  S. Monzani and R.W. Moore and G.F. Moorhead and C. [Mora
                  Herrera] and A. Moraes and N. Morange and J. Morel and
                  G. Morello and D. Moreno and M. [Moreno Llácer] and
                  P. Morettini and M. Morgenstern and M. Morii and A.K. Morley
                  and G. Mornacchi and J.D. Morris and L. Morvaj and H.G. Moser
                  and M. Mosidze and J. Moss and R. Mount and E. Mountricha and
                  S.V. Mouraviev and E.J.W. Moyse and F. Mueller and J. Mueller
                  and K. Mueller and T.A. Müller and T. Mueller and
                  D. Muenstermann and Y. Munwes and W.J. Murray and I. Mussche
                  and E. Musto and A.G. Myagkov and M. Myska and O. Nackenhorst
                  and J. Nadal and K. Nagai and R. Nagai and K. Nagano and
                  A. Nagarkar and Y. Nagasaka and M. Nagel and A.M. Nairz and
                  Y. Nakahama and K. Nakamura and T. Nakamura and I. Nakano and
                  G. Nanava and A. Napier and R. Narayan and M. Nash and
                  T. Nattermann and T. Naumann and G. Navarro and H.A. Neal and
                  P.Yu. Nechaeva and T.J. Neep and A. Negri and G. Negri and
                  M. Negrini and S. Nektarijevic and A. Nelson and T.K. Nelson
                  and S. Nemecek and P. Nemethy and A.A. Nepomuceno and M. Nessi
                  and M.S. Neubauer and M. Neumann and A. Neusiedl and
                  R.M. Neves and P. Nevski and F.M. Newcomer and P.R. Newman and
                  V. [Nguyen Thi Hong] and R.B. Nickerson and R. Nicolaidou and
                  B. Nicquevert and F. Niedercorn and J. Nielsen and
                  N. Nikiforou and A. Nikiforov and V. Nikolaenko and
                  I. Nikolic-Audit and K. Nikolics and K. Nikolopoulos and
                  H. Nilsen and P. Nilsson and Y. Ninomiya and A. Nisati and
                  R. Nisius and T. Nobe and L. Nodulman and M. Nomachi and
                  I. Nomidis and S. Norberg and M. Nordberg and P.R. Norton and
                  J. Novakova and M. Nozaki and L. Nozka and I.M. Nugent and
                  A.-E. Nuncio-Quiroz and G. [Nunes Hanninger] and T. Nunnemann
                  and E. Nurse and B.J. OʼBrien and D.C. OʼNeil and V. OʼShea
                  and L.B. Oakes and F.G. Oakham and H. Oberlack and J. Ocariz
                  and A. Ochi and S. Oda and S. Odaka and J. Odier and H. Ogren
                  and A. Oh and S.H. Oh and C.C. Ohm and T. Ohshima and
                  W. Okamura and H. Okawa and Y. Okumura and T. Okuyama and
                  A. Olariu and A.G. Olchevski and S.A. [Olivares Pino] and
                  M. Oliveira and D. [Oliveira Damazio] and E. [Oliver Garcia]
                  and D. Olivito and A. Olszewski and J. Olszowska and A. Onofre
                  and P.U.E. Onyisi and C.J. Oram and M.J. Oreglia and Y. Oren
                  and D. Orestano and N. Orlando and I. Orlov and C. [Oropeza
                  Barrera] and R.S. Orr and B. Osculati and R. Ospanov and
                  C. Osuna and G. [Otero y Garzon] and J.P. Ottersbach and
                  M. Ouchrif and E.A. Ouellette and F. Ould-Saada and A. Ouraou
                  and Q. Ouyang and A. Ovcharova and M. Owen and S. Owen and
                  V.E. Ozcan and N. Ozturk and A. [Pacheco Pages] and
                  C. [Padilla Aranda] and S. [Pagan Griso] and E. Paganis and
                  C. Pahl and F. Paige and P. Pais and K. Pajchel and
                  G. Palacino and C.P. Paleari and S. Palestini and D. Pallin
                  and A. Palma and J.D. Palmer and Y.B. Pan and
                  E. Panagiotopoulou and J.G. [Panduro Vazquez] and P. Pani and
                  N. Panikashvili and S. Panitkin and D. Pantea and A. Papadelis
                  and Th.D. Papadopoulou and A. Paramonov and D. [Paredes
                  Hernandez] and W. Park and M.A. Parker and F. Parodi and
                  J.A. Parsons and U. Parzefall and S. Pashapour and
                  E. Pasqualucci and S. Passaggio and A. Passeri and F. Pastore
                  and Fr. Pastore and G. Pásztor and S. Pataraia and N. Patel
                  and J.R. Pater and S. Patricelli and T. Pauly and M. Pecsy and
                  S. [Pedraza Lopez] and M.I. [Pedraza Morales] and
                  S.V. Peleganchuk and D. Pelikan and H. Peng and B. Penning and
                  A. Penson and J. Penwell and M. Perantoni and K. Perez and
                  T. [Perez Cavalcanti] and E. [Perez Codina] and M.T. [Pérez
                  García-Estañ] and V. [Perez Reale] and L. Perini and
                  H. Pernegger and R. Perrino and P. Perrodo and
                  V.D. Peshekhonov and K. Peters and B.A. Petersen and
                  J. Petersen and T.C. Petersen and E. Petit and A. Petridis and
                  C. Petridou and E. Petrolo and F. Petrucci and D. Petschull
                  and M. Petteni and R. Pezoa and A. Phan and P.W. Phillips and
                  G. Piacquadio and A. Picazio and E. Piccaro and M. Piccinini
                  and S.M. Piec and R. Piegaia and D.T. Pignotti and
                  J.E. Pilcher and A.D. Pilkington and J. Pina and M. Pinamonti
                  and A. Pinder and J.L. Pinfold and B. Pinto and C. Pizio and
                  M. Plamondon and M.-A. Pleier and E. Plotnikova and
                  A. Poblaguev and S. Poddar and F. Podlyski and L. Poggioli and
                  D. Pohl and M. Pohl and G. Polesello and A. Policicchio and
                  R. Polifka and A. Polini and J. Poll and V. Polychronakos and
                  D. Pomeroy and K. Pommès and L. Pontecorvo and B.G. Pope and
                  G.A. Popeneciu and D.S. Popovic and A. Poppleton and
                  X. [Portell Bueso] and G.E. Pospelov and S. Pospisil and
                  I.N. Potrap and C.J. Potter and C.T. Potter and G. Poulard and
                  J. Poveda and V. Pozdnyakov and R. Prabhu and P. Pralavorio
                  and A. Pranko and S. Prasad and R. Pravahan and S. Prell and
                  K. Pretzl and D. Price and J. Price and L.E. Price and
                  D. Prieur and M. Primavera and K. Prokofiev and F. Prokoshin
                  and S. Protopopescu and J. Proudfoot and X. Prudent and
                  M. Przybycien and H. Przysiezniak and S. Psoroulas and
                  E. Ptacek and E. Pueschel and J. Purdham and M. Purohit and
                  P. Puzo and Y. Pylypchenko and J. Qian and A. Quadt and
                  D.R. Quarrie and W.B. Quayle and F. Quinonez and M. Raas and
                  S. Raddum and V. Radeka and V. Radescu and P. Radloff and
                  T. Rador and F. Ragusa and G. Rahal and A.M. Rahimi and
                  D. Rahm and S. Rajagopalan and M. Rammensee and M. Rammes and
                  A.S. Randle-Conde and K. Randrianarivony and F. Rauscher and
                  T.C. Rave and M. Raymond and A.L. Read and D.M. Rebuzzi and
                  A. Redelbach and G. Redlinger and R. Reece and K. Reeves and
                  E. Reinherz-Aronis and A. Reinsch and I. Reisinger and
                  C. Rembser and Z.L. Ren and A. Renaud and M. Rescigno and
                  S. Resconi and B. Resende and P. Reznicek and R. Rezvani and
                  R. Richter and E. Richter-Was and M. Ridel and M. Rijpstra and
                  M. Rijssenbeek and A. Rimoldi and L. Rinaldi and R.R. Rios and
                  I. Riu and G. Rivoltella and F. Rizatdinova and E. Rizvi and
                  S.H. Robertson and A. Robichaud-Veronneau and D. Robinson and
                  J.E.M. Robinson and A. Robson and J.G. [Rocha de Lima] and
                  C. Roda and D. [Roda Dos Santos] and A. Roe and S. Roe and
                  O. Røhne and S. Rolli and A. Romaniouk and M. Romano and
                  G. Romeo and E. [Romero Adam] and N. Rompotis and L. Roos and
                  E. Ros and S. Rosati and K. Rosbach and A. Rose and M. Rose
                  and G.A. Rosenbaum and E.I. Rosenberg and P.L. Rosendahl and
                  O. Rosenthal and L. Rosselet and V. Rossetti and E. Rossi and
                  L.P. Rossi and M. Rotaru and I. Roth and J. Rothberg and
                  D. Rousseau and C.R. Royon and A. Rozanov and Y. Rozen and
                  X. Ruan and F. Rubbo and I. Rubinskiy and N. Ruckstuhl and
                  V.I. Rud and C. Rudolph and G. Rudolph and F. Rühr and
                  A. Ruiz-Martinez and L. Rumyantsev and Z. Rurikova and
                  N.A. Rusakovich and J.P. Rutherfoord and P. Ruzicka and
                  Y.F. Ryabov and M. Rybar and G. Rybkin and N.C. Ryder and
                  A.F. Saavedra and I. Sadeh and H.F.-W. Sadrozinski and
                  R. Sadykov and F. [Safai Tehrani] and H. Sakamoto and
                  G. Salamanna and A. Salamon and M. Saleem and D. Salek and
                  D. Salihagic and A. Salnikov and J. Salt and B.M. [Salvachua
                  Ferrando] and D. Salvatore and F. Salvatore and A. Salvucci
                  and A. Salzburger and D. Sampsonidis and B.H. Samset and
                  A. Sanchez and V. [Sanchez Martinez] and H. Sandaker and
                  H.G. Sander and M.P. Sanders and M. Sandhoff and T. Sandoval
                  and C. Sandoval and R. Sandstroem and D.P.C. Sankey and
                  A. Sansoni and C. [Santamarina Rios] and C. Santoni and
                  R. Santonico and H. Santos and J.G. Saraiva and T. Sarangi and
                  E. Sarkisyan-Grinbaum and F. Sarri and G. Sartisohn and
                  O. Sasaki and Y. Sasaki and N. Sasao and I. Satsounkevitch and
                  G. Sauvage and E. Sauvan and J.B. Sauvan and P. Savard and
                  V. Savinov and D.O. Savu and L. Sawyer and D.H. Saxon and
                  J. Saxon and C. Sbarra and A. Sbrizzi and D.A. Scannicchio and
                  M. Scarcella and J. Schaarschmidt and P. Schacht and
                  D. Schaefer and U. Schäfer and A. Schaelicke and S. Schaepe
                  and S. Schaetzel and A.C. Schaffer and D. Schaile and
                  R.D. Schamberger and A.G. Schamov and V. Scharf and
                  V.A. Schegelsky and D. Scheirich and M. Schernau and
                  M.I. Scherzer and C. Schiavi and J. Schieck and M. Schioppa
                  and S. Schlenker and P. Schmid and E. Schmidt and K. Schmieden
                  and C. Schmitt and S. Schmitt and M. Schmitz and B. Schneider
                  and U. Schnoor and L. Schoeffel and A. Schoening and
                  A.L.S. Schorlemmer and M. Schott and D. Schouten and
                  J. Schovancova and M. Schram and C. Schroeder and N. Schroer
                  and M.J. Schultens and J. Schultes and H.-C. Schultz-Coulon
                  and H. Schulz and M. Schumacher and B.A. Schumm and Ph. Schune
                  and C. Schwanenberger and A. Schwartzman and Ph. Schwegler and
                  Ph. Schwemling and R. Schwienhorst and R. Schwierz and
                  J. Schwindling and T. Schwindt and M. Schwoerer and G. Sciolla
                  and W.G. Scott and J. Searcy and G. Sedov and E. Sedykh and
                  S.C. Seidel and A. Seiden and F. Seifert and J.M. Seixas and
                  G. Sekhniaidze and S.J. Sekula and K.E. Selbach and
                  D.M. Seliverstov and B. Sellden and G. Sellers and M. Seman
                  and N. Semprini-Cesari and C. Serfon and L. Serin and
                  L. Serkin and R. Seuster and H. Severini and A. Sfyrla and
                  E. Shabalina and M. Shamim and L.Y. Shan and J.T. Shank and
                  Q.T. Shao and M. Shapiro and P.B. Shatalov and K. Shaw and
                  D. Sherman and P. Sherwood and S. Shimizu and M. Shimojima and
                  T. Shin and M. Shiyakova and A. Shmeleva and M.J. Shochet and
                  D. Short and S. Shrestha and E. Shulga and M.A. Shupe and
                  P. Sicho and A. Sidoti and F. Siegert and Dj. Sijacki and
                  O. Silbert and J. Silva and Y. Silver and D. Silverstein and
                  S.B. Silverstein and V. Simak and O. Simard and Lj. Simic and
                  S. Simion and E. Simioni and B. Simmons and R. Simoniello and
                  M. Simonyan and P. Sinervo and N.B. Sinev and V. Sipica and
                  G. Siragusa and A. Sircar and A.N. Sisakyan and
                  S.Yu. Sivoklokov and J. Sjölin and T.B. Sjursen and
                  L.A. Skinnari and H.P. Skottowe and K. Skovpen and P. Skubic
                  and M. Slater and T. Slavicek and K. Sliwa and V. Smakhtin and
                  B.H. Smart and L. Smestad and S.Yu. Smirnov and Y. Smirnov and
                  L.N. Smirnova and O. Smirnova and B.C. Smith and D. Smith and
                  K.M. Smith and M. Smizanska and K. Smolek and A.A. Snesarev
                  and S.W. Snow and J. Snow and S. Snyder and R. Sobie and
                  J. Sodomka and A. Soffer and C.A. Solans and M. Solar and
                  J. Solc and E.Yu. Soldatov and U. Soldevila and E. [Solfaroli
                  Camillocci] and A.A. Solodkov and O.V. Solovyanov and
                  V. Solovyev and N. Soni and V. Sopko and B. Sopko and
                  M. Sosebee and R. Soualah and A. Soukharev and S. Spagnolo and
                  F. Spanò and W.R. Spearman and R. Spighi and G. Spigo and
                  R. Spiwoks and M. Spousta and T. Spreitzer and B. Spurlock and
                  R.D. [St. Denis] and J. Stahlman and R. Stamen and E. Stanecka
                  and R.W. Stanek and C. Stanescu and M. Stanescu-Bellu and
                  M.M. Stanitzki and S. Stapnes and E.A. Starchenko and J. Stark
                  and P. Staroba and P. Starovoitov and R. Staszewski and
                  A. Staude and P. Stavina and G. Steele and P. Steinbach and
                  P. Steinberg and I. Stekl and B. Stelzer and H.J. Stelzer and
                  O. Stelzer-Chilton and H. Stenzel and S. Stern and
                  G.A. Stewart and J.A. Stillings and M.C. Stockton and
                  K. Stoerig and G. Stoicea and S. Stonjek and P. Strachota and
                  A.R. Stradling and A. Straessner and J. Strandberg and
                  S. Strandberg and A. Strandlie and M. Strang and E. Strauss
                  and M. Strauss and P. Strizenec and R. Ströhmer and D.M. Strom
                  and J.A. Strong and R. Stroynowski and B. Stugu and I. Stumer
                  and J. Stupak and P. Sturm and N.A. Styles and D.A. Soh and
                  D. Su and HS. Subramania and R. Subramaniam and A. Succurro
                  and Y. Sugaya and C. Suhr and M. Suk and V.V. Sulin and
                  S. Sultansoy and T. Sumida and X. Sun and J.E. Sundermann and
                  K. Suruliz and G. Susinno and M.R. Sutton and Y. Suzuki and
                  Y. Suzuki and M. Svatos and S. Swedish and I. Sykora and
                  T. Sykora and J. Sánchez and D. Ta and K. Tackmann and
                  A. Taffard and R. Tafirout and N. Taiblum and Y. Takahashi and
                  H. Takai and R. Takashima and H. Takeda and T. Takeshita and
                  Y. Takubo and M. Talby and A. Talyshev and M.C. Tamsett and
                  K.G. Tan and J. Tanaka and R. Tanaka and S. Tanaka and
                  S. Tanaka and A.J. Tanasijczuk and K. Tani and N. Tannoury and
                  S. Tapprogge and D. Tardif and S. Tarem and F. Tarrade and
                  G.F. Tartarelli and P. Tas and M. Tasevsky and E. Tassi and
                  M. Tatarkhanov and Y. Tayalati and C. Taylor and F.E. Taylor
                  and G.N. Taylor and W. Taylor and M. Teinturier and
                  F.A. Teischinger and M. [Teixeira Dias Castanheira] and
                  P. Teixeira-Dias and K.K. Temming and H. [Ten Kate] and
                  P.K. Teng and S. Terada and K. Terashi and J. Terron and
                  M. Testa and R.J. Teuscher and J. Therhaag and
                  T. Theveneaux-Pelzer and S. Thoma and J.P. Thomas and
                  E.N. Thompson and P.D. Thompson and P.D. Thompson and
                  A.S. Thompson and L.A. Thomsen and E. Thomson and M. Thomson
                  and W.M. Thong and R.P. Thun and F. Tian and M.J. Tibbetts and
                  T. Tic and V.O. Tikhomirov and Y.A. Tikhonov and S. Timoshenko
                  and E. Tiouchichine and P. Tipton and S. Tisserant and
                  T. Todorov and S. Todorova-Nova and B. Toggerson and J. Tojo
                  and S. Tokár and K. Tokushuku and K. Tollefson and M. Tomoto
                  and L. Tompkins and K. Toms and A. Tonoyan and C. Topfel and
                  N.D. Topilin and I. Torchiani and E. Torrence and H. Torres
                  and E. [Torró Pastor] and J. Toth and F. Touchard and
                  D.R. Tovey and T. Trefzger and L. Tremblet and A. Tricoli and
                  I.M. Trigger and G. Trilling and S. Trincaz-Duvoid and
                  M.F. Tripiana and N. Triplett and W. Trischuk and B. Trocmé
                  and C. Troncon and M. Trottier-McDonald and M. Trzebinski and
                  A. Trzupek and C. Tsarouchas and J.C.-L. Tseng and
                  M. Tsiakiris and P.V. Tsiareshka and D. Tsionou and
                  G. Tsipolitis and S. Tsiskaridze and V. Tsiskaridze and
                  E.G. Tskhadadze and I.I. Tsukerman and V. Tsulaia and
                  J.-W. Tsung and S. Tsuno and D. Tsybychev and A. Tua and
                  A. Tudorache and V. Tudorache and J.M. Tuggle and M. Turala
                  and D. Turecek and I. [Turk Cakir] and E. Turlay and R. Turra
                  and P.M. Tuts and A. Tykhonov and M. Tylmad and M. Tyndel and
                  G. Tzanakos and K. Uchida and I. Ueda and R. Ueno and
                  M. Ugland and M. Uhlenbrock and M. Uhrmacher and F. Ukegawa
                  and G. Unal and A. Undrus and G. Unel and Y. Unno and
                  D. Urbaniec and P. Urquijo and G. Usai and M. Uslenghi and
                  L. Vacavant and V. Vacek and B. Vachon and S. Vahsen and
                  J. Valenta and S. Valentinetti and A. Valero and S. Valkar and
                  E. [Valladolid Gallego] and S. Vallecorsa and J.A. [Valls
                  Ferrer] and R. [Van Berg] and P.C. [Van Der Deijl] and R. [van
                  der Geer] and H. [van der Graaf] and R. [Van Der Leeuw] and
                  E. [van der Poel] and D. [van der Ster] and N. [van Eldik] and
                  P. [van Gemmeren] and I. [van Vulpen] and M. Vanadia and
                  W. Vandelli and R. Vanguri and A. Vaniachine and P. Vankov and
                  F. Vannucci and R. Vari and T. Varol and D. Varouchas and
                  A. Vartapetian and K.E. Varvell and V.I. Vassilakopoulos and
                  F. Vazeille and T. [Vazquez Schroeder] and G. Vegni and
                  J.J. Veillet and F. Veloso and R. Veness and S. Veneziano and
                  A. Ventura and D. Ventura and M. Venturi and N. Venturi and
                  V. Vercesi and M. Verducci and W. Verkerke and J.C. Vermeulen
                  and A. Vest and M.C. Vetterli and I. Vichou and T. Vickey and
                  O.E. [Vickey Boeriu] and G.H.A. Viehhauser and S. Viel and
                  M. Villa and M. [Villaplana Perez] and E. Vilucchi and
                  M.G. Vincter and E. Vinek and V.B. Vinogradov and M. Virchaux
                  and J. Virzi and O. Vitells and M. Viti and I. Vivarelli and
                  F. [Vives Vaque] and S. Vlachos and D. Vladoiu and M. Vlasak
                  and A. Vogel and P. Vokac and G. Volpi and M. Volpi and
                  G. Volpini and H. [von der Schmitt] and H. [von Radziewski]
                  and E. [von Toerne] and V. Vorobel and V. Vorwerk and M. Vos
                  and R. Voss and T.T. Voss and J.H. Vossebeld and N. Vranjes
                  and M. [Vranjes Milosavljevic] and V. Vrba and M. Vreeswijk
                  and T. [Vu Anh] and R. Vuillermet and I. Vukotic and W. Wagner
                  and P. Wagner and H. Wahlen and S. Wahrmund and J. Wakabayashi
                  and S. Walch and J. Walder and R. Walker and W. Walkowiak and
                  R. Wall and P. Waller and B. Walsh and C. Wang and F. Wang and
                  H. Wang and H. Wang and J. Wang and J. Wang and R. Wang and
                  S.M. Wang and T. Wang and A. Warburton and C.P. Ward and
                  D.R. Wardrope and M. Warsinsky and A. Washbrook and C. Wasicki
                  and I. Watanabe and P.M. Watkins and A.T. Watson and
                  I.J. Watson and M.F. Watson and G. Watts and S. Watts and
                  A.T. Waugh and B.M. Waugh and M.S. Weber and P. Weber and
                  J.S. Webster and A.R. Weidberg and P. Weigell and
                  J. Weingarten and C. Weiser and P.S. Wells and T. Wenaus and
                  D. Wendland and Z. Weng and T. Wengler and S. Wenig and
                  N. Wermes and M. Werner and P. Werner and M. Werth and
                  M. Wessels and J. Wetter and C. Weydert and K. Whalen and
                  S.J. Wheeler-Ellis and A. White and M.J. White and S. White
                  and S.R. Whitehead and D. Whiteson and D. Whittington and
                  F. Wicek and D. Wicke and F.J. Wickens and W. Wiedenmann and
                  M. Wielers and P. Wienemann and C. Wiglesworth and
                  L.A.M. Wiik-Fuchs and P.A. Wijeratne and A. Wildauer and
                  M.A. Wildt and I. Wilhelm and H.G. Wilkens and J.Z. Will and
                  E. Williams and H.H. Williams and W. Willis and S. Willocq and
                  J.A. Wilson and M.G. Wilson and A. Wilson and
                  I. Wingerter-Seez and S. Winkelmann and F. Winklmeier and
                  M. Wittgen and S.J. Wollstadt and M.W. Wolter and H. Wolters
                  and W.C. Wong and G. Wooden and B.K. Wosiek and J. Wotschack
                  and M.J. Woudstra and K.W. Wozniak and K. Wraight and
                  M. Wright and B. Wrona and S.L. Wu and X. Wu and Y. Wu and
                  E. Wulf and B.M. Wynne and S. Xella and M. Xiao and S. Xie and
                  C. Xu and D. Xu and B. Yabsley and S. Yacoob and M. Yamada and
                  H. Yamaguchi and Y. Yamaguchi and A. Yamamoto and K. Yamamoto
                  and S. Yamamoto and T. Yamamura and T. Yamanaka and
                  T. Yamazaki and Y. Yamazaki and Z. Yan and H. Yang and H. Yang
                  and U.K. Yang and Y. Yang and Z. Yang and S. Yanush and L. Yao
                  and Y. Yao and Y. Yasu and G.V. [Ybeles Smit] and J. Ye and
                  S. Ye and M. Yilmaz and R. Yoosoofmiya and K. Yorita and
                  R. Yoshida and K. Yoshihara and C. Young and C.J. Young and
                  S. Youssef and D. Yu and J. Yu and J. Yu and L. Yuan and
                  A. Yurkewicz and M. Byszewski and B. Zabinski and R. Zaidan
                  and A.M. Zaitsev and Z. Zajacova and L. Zanello and D. Zanzi
                  and A. Zaytsev and C. Zeitnitz and M. Zeman and A. Zemla and
                  C. Zendler and O. Zenin and T. Ženiš and Z. Zinonos and
                  D. Zerwas and G. [Zevi della Porta] and D. Zhang and H. Zhang
                  and J. Zhang and X. Zhang and Z. Zhang and L. Zhao and Z. Zhao
                  and A. Zhemchugov and J. Zhong and B. Zhou and N. Zhou and
                  Y. Zhou and C.G. Zhu and H. Zhu and J. Zhu and Y. Zhu and
                  X. Zhuang and V. Zhuravlov and D. Zieminska and N.I. Zimin and
                  R. Zimmermann and S. Zimmermann and S. Zimmermann and
                  M. Ziolkowski and R. Zitoun and L. Živković and V.V. Zmouchko
                  and G. Zobernig and A. Zoccoli and M. [zur Nedden] and
                  V. Zutshi and L. Zwalinski},
}

@article{Abbott_2016,
  doi          = {10.3847/2041-8205/826/1/l13},
  url          = {https://doi.org/10.3847%2F2041-8205%2F826%2F1%2Fl13},
  year         = 2016,
  month        = {jul},
  publisher    = {American Astronomical Society},
  volume       = 826,
  number       = 1,
  pages        = {L13},
  author       = {B. P. Abbott and R. Abbott and T. D. Abbott and
                  M. R. Abernathy and F. Acernese and K. Ackley and C. Adams and
                  T. Adams and P. Addesso and R. X. Adhikari and V. B. Adya and
                  C. Affeldt and M. Agathos and K. Agatsuma and N. Aggarwal and
                  O. D. Aguiar and L. Aiello and A. Ain and P. Ajith and
                  B. Allen and A. Allocca and P. A. Altin and S. B. Anderson and
                  W. G. Anderson and K. Arai and M. C. Araya and C. C. Arceneaux
                  and J. S. Areeda and N. Arnaud and K. G. Arun and S. Ascenzi
                  and G. Ashton and M. Ast and S. M. Aston and P. Astone and
                  P. Aufmuth and C. Aulbert and S. Babak and P. Bacon and
                  M. K. M. Bader and P. T. Baker and F. Baldaccini and
                  G. Ballardin and S. W. Ballmer and J. C. Barayoga and
                  S. E. Barclay and B. C. Barish and D. Barker and F. Barone and
                  B. Barr and L. Barsotti and M. Barsuglia and D. Barta and
                  S. Barthelmy and J. Bartlett and I. Bartos and R. Bassiri and
                  A. Basti and J. C. Batch and C. Baune and V. Bavigadda and
                  M. Bazzan and B. Behnke and M. Bejger and A. S. Bell and
                  C. J. Bell and B. K. Berger and J. Bergman and G. Bergmann and
                  C. P. L. Berry and D. Bersanetti and A. Bertolini and
                  J. Betzwieser and S. Bhagwat and R. Bhandare and I. A. Bilenko
                  and G. Billingsley and J. Birch and R. Birney and S. Biscans
                  and A. Bisht and M. Bitossi and C. Biwer and M. A. Bizouard
                  and J. K. Blackburn and C. D. Blair and D. G. Blair and
                  R. M. Blair and S. Bloemen and O. Bock and T. P. Bodiya and
                  M. Boer and G. Bogaert and C. Bogan and A. Bohe and P. Bojtos
                  and C. Bond and F. Bondu and R. Bonnand and B. A. Boom and
                  R. Bork and V. Boschi and S. Bose and Y. Bouffanais and
                  A. Bozzi and C. Bradaschia and P. R. Brady and V. B. Braginsky
                  and M. Branchesi and J. E. Brau and T. Briant and A. Brillet
                  and M. Brinkmann and V. Brisson and P. Brockill and
                  A. F. Brooks and D. A. Brown and D. D. Brown and N. M. Brown
                  and C. C. Buchanan and A. Buikema and T. Bulik and
                  H. J. Bulten and A. Buonanno and D. Buskulic and C. Buy and
                  R. L. Byer and L. Cadonati and G. Cagnoli and C. Cahillane and
                  J. C. Bustillo and T. Callister and E. Calloni and J. B. Camp
                  and K. C. Cannon and J. Cao and C. D. Capano and E. Capocasa
                  and F. Carbognani and S. Caride and J. C. Diaz and
                  C. Casentini and S. Caudill and M. Cavagli{\'{a}} and
                  F. Cavalier and R. Cavalieri and G. Cella and C. B. Cepeda and
                  L. C. Baiardi and G. Cerretani and E. Cesarini and
                  R. Chakraborty and T. Chalermsongsak and S. J. Chamberlin and
                  M. Chan and S. Chao and P. Charlton and E. Chassande-Mottin
                  and H. Y. Chen and Y. Chen and C. Cheng and A. Chincarini and
                  A. Chiummo and H. S. Cho and M. Cho and J. H. Chow and
                  N. Christensen and Q. Chu and S. Chua and S. Chung and
                  G. Ciani and F. Clara and J. A. Clark and F. Cleva and
                  E. Coccia and P.-F. Cohadon and A. Colla and C. G. Collette
                  and L. Cominsky and M. Constancio and A. Conte and L. Conti
                  and D. Cook and T. R. Corbitt and N. Cornish and A. Corsi and
                  S. Cortese and C. A. Costa and M. W. Coughlin and
                  S. B. Coughlin and J.-P. Coulon and S. T. Countryman and
                  P. Couvares and E. E. Cowan and D. M. Coward and M. J. Cowart
                  and D. C. Coyne and R. Coyne and K. Craig and
                  J. D. E. Creighton and J. Cripe and S. G. Crowder and
                  A. Cumming and L. Cunningham and E. Cuoco and T. Dal Canton
                  and S. L. Danilishin and S. D'Antonio and K. Danzmann and
                  N. S. Darman and V. Dattilo and I. Dave and H. P. Daveloza and
                  M. Davier and G. S. Davies and E. J. Daw and R. Day and
                  D. DeBra and G. Debreczeni and J. Degallaix and M. De
                  Laurentis and S. Del{\'{e}}glise and W. Del Pozzo and
                  T. Denker and T. Dent and H. Dereli and V. Dergachev and
                  R. T. DeRosa and R. De Rosa and R. DeSalvo and S. Dhurandhar
                  and M. C. D{\'{\i}}az and L. Di Fiore and M. Di Giovanni and
                  A. Di Lieto and S. Di Pace and I. Di Palma and A. Di Virgilio
                  and G. Dojcinoski and V. Dolique and F. Donovan and
                  K. L. Dooley and S. Doravari and R. Douglas and T. P. Downes
                  and M. Drago and R. W. P. Drever and J. C. Driggers and Z. Du
                  and M. Ducrot and S. E. Dwyer and T. B. Edo and M. C. Edwards
                  and A. Effler and H.-B. Eggenstein and P. Ehrens and
                  J. Eichholz and S. S. Eikenberry and W. Engels and
                  R. C. Essick and T. Etzel and M. Evans and T. M. Evans and
                  R. Everett and M. Factourovich and V. Fafone and H. Fair and
                  S. Fairhurst and X. Fan and Q. Fang and S. Farinon and B. Farr
                  and W. M. Farr and M. Favata and M. Fays and H. Fehrmann and
                  M. M. Fejer and I. Ferrante and E. C. Ferreira and F. Ferrini
                  and F. Fidecaro and I. Fiori and D. Fiorucci and R. P. Fisher
                  and R. Flaminio and M. Fletcher and J.-D. Fournier and
                  S. Franco and S. Frasca and F. Frasconi and Z. Frei and
                  A. Freise and R. Frey and V. Frey and T. T. Fricke and
                  P. Fritschel and V. V. Frolov and P. Fulda and M. Fyffe and
                  H. A. G. Gabbard and J. R. Gair and L. Gammaitoni and
                  S. G. Gaonkar and F. Garufi and A. Gatto and G. Gaur and
                  N. Gehrels and G. Gemme and B. Gendre and E. Genin and
                  A. Gennai and J. George and L. Gergely and V. Germain and
                  A. Ghosh and S. Ghosh and J. A. Giaime and K. D. Giardina and
                  A. Giazotto and K. Gill and A. Glaefke and E. Goetz and
                  R. Goetz and L. Gondan and G. Gonz{\'{a}}lez and
                  J. M. G. Castro and A. Gopakumar and N. A. Gordon and
                  M. L. Gorodetsky and S. E. Gossan and M. Gosselin and
                  R. Gouaty and C. Graef and P. B. Graff and M. Granata and
                  A. Grant and S. Gras and C. Gray and G. Greco and A. C. Green
                  and P. Groot and H. Grote and S. Grunewald and G. M. Guidi and
                  X. Guo and A. Gupta and M. K. Gupta and K. E. Gushwa and
                  E. K. Gustafson and R. Gustafson and J. J. Hacker and
                  B. R. Hall and E. D. Hall and G. Hammond and M. Haney and
                  M. M. Hanke and J. Hanks and C. Hanna and M. D. Hannam and
                  J. Hanson and T. Hardwick and K. Haris and J. Harms and
                  G. M. Harry and I. W. Harry and M. J. Hart and M. T. Hartman
                  and C.-J. Haster and K. Haughian and A. Heidmann and
                  M. C. Heintze and H. Heitmann and P. Hello and G. Hemming and
                  M. Hendry and I. S. Heng and J. Hennig and A. W. Heptonstall
                  and M. Heurs and S. Hild and D. Hoak and K. A. Hodge and
                  D. Hofman and S. E. Hollitt and K. Holt and D. E. Holz and
                  P. Hopkins and D. J. Hosken and J. Hough and E. A. Houston and
                  E. J. Howell and Y. M. Hu and S. Huang and E. A. Huerta and
                  D. Huet and B. Hughey and S. Husa and S. H. Huttner and
                  T. Huynh-Dinh and A. Idrisy and N. Indik and D. R. Ingram and
                  R. Inta and H. N. Isa and J.-M. Isac and M. Isi and G. Islas
                  and T. Isogai and B. R. Iyer and K. Izumi and T. Jacqmin and
                  H. Jang and K. Jani and P. Jaranowski and S. Jawahar and
                  F. Jim{\'{e}}nez-Forteza and W. W. Johnson and D. I. Jones and
                  R. Jones and R. J. G. Jonker and L. Ju and C. V. Kalaghatgi
                  and V. Kalogera and S. Kandhasamy and G. Kang and J. B. Kanner
                  and S. Karki and M. Kasprzack and E. Katsavounidis and
                  W. Katzman and S. Kaufer and T. Kaur and K. Kawabe and
                  F. Kawazoe and F. K{\'{e}}f{\'{e}}lian and M. S. Kehl and
                  D. Keitel and D. B. Kelley and W. Kells and R. Kennedy and
                  J. S. Key and A. Khalaidovski and F. Y. Khalili and I. Khan
                  and S. Khan and Z. Khan and E. A. Khazanov and N. Kijbunchoo
                  and C. Kim and J. Kim and K. Kim and N. Kim and N. Kim and
                  Y.-M. Kim and E. J. King and P. J. King and D. L. Kinzel and
                  J. S. Kissel and L. Kleybolte and S. Klimenko and
                  S. M. Koehlenbeck and K. Kokeyama and S. Koley and
                  V. Kondrashov and A. Kontos and M. Korobko and W. Z. Korth and
                  I. Kowalska and D. B. Kozak and V. Kringel and A. Kr{\'{o}}lak
                  and C. Krueger and G. Kuehn and P. Kumar and L. Kuo and
                  A. Kutynia and B. D. Lackey and M. Landry and J. Lange and
                  B. Lantz and P. D. Lasky and A. Lazzarini and C. Lazzaro and
                  P. Leaci and S. Leavey and E. O. Lebigot and C. H. Lee and
                  H. K. Lee and H. M. Lee and K. Lee and A. Lenon and
                  M. Leonardi and J. R. Leong and N. Leroy and N. Letendre and
                  Y. Levin and B. M. Levine and T. G. F. Li and A. Libson and
                  T. B. Littenberg and N. A. Lockerbie and J. Logue and
                  A. L. Lombardi and J. E. Lord and M. Lorenzini and V. Loriette
                  and M. Lormand and G. Losurdo and J. D. Lough and H. Lück and
                  A. P. Lundgren and J. Luo and R. Lynch and Y. Ma and
                  T. MacDonald and B. Machenschalk and M. MacInnis and
                  D. M. Macleod and F. Maga{\~{n}}a-Sandoval and R. M. Magee and
                  M. Mageswaran and E. Majorana and I. Maksimovic and
                  V. Malvezzi and N. Man and I. Mandel and V. Mandic and
                  V. Mangano and G. L. Mansell and M. Manske and M. Mantovani
                  and F. Marchesoni and F. Marion and S. M{\'{a}}rka and
                  Z. M{\'{a}}rka and A. S. Markosyan and E. Maros and
                  F. Martelli and L. Martellini and I. W. Martin and
                  R. M. Martin and D. V. Martynov and J. N. Marx and K. Mason
                  and A. Masserot and T. J. Massinger and M. Masso-Reid and
                  F. Matichard and L. Matone and N. Mavalvala and N. Mazumder
                  and G. Mazzolo and R. McCarthy and D. E. McClelland and
                  S. McCormick and S. C. McGuire and G. McIntyre and J. McIver
                  and D. J. McManus and S. T. McWilliams and D. Meacher and
                  G. D. Meadors and J. Meidam and A. Melatos and G. Mendell and
                  D. Mendoza-Gandara and R. A. Mercer and E. Merilh and
                  M. Merzougui and S. Meshkov and C. Messenger and C. Messick
                  and P. M. Meyers and F. Mezzani and H. Miao and C. Michel and
                  H. Middleton and E. E. Mikhailov and L. Milano and J. Miller
                  and M. Millhouse and Y. Minenkov and J. Ming and S. Mirshekari
                  and C. Mishra and S. Mitra and V. P. Mitrofanov and
                  G. Mitselmakher and R. Mittleman and A. Moggi and M. Mohan and
                  S. R. P. Mohapatra and M. Montani and B. C. Moore and
                  C. J. Moore and D. Moraru and G. Moreno and S. R. Morriss and
                  K. Mossavi and B. Mours and C. M. Mow-Lowry and C. L. Mueller
                  and G. Mueller and A. W. Muir and A. Mukherjee and
                  D. Mukherjee and S. Mukherjee and N. Mukund and A. Mullavey
                  and J. Munch and D. J. Murphy and P. G. Murray and A. Mytidis
                  and I. Nardecchia and L. Naticchioni and R. K. Nayak and
                  V. Necula and K. Nedkova and G. Nelemans and M. Neri and
                  A. Neunzert and G. Newton and T. T. Nguyen and A. B. Nielsen
                  and S. Nissanke and A. Nitz and F. Nocera and D. Nolting and
                  M. E. N. Normandin and L. K. Nuttall and J. Oberling and
                  E. Ochsner and J. O'Dell and E. Oelker and G. H. Ogin and
                  J. J. Oh and S. H. Oh and F. Ohme and M. Oliver and
                  P. Oppermann and R. J. Oram and B. O'Reilly and
                  R. O'Shaughnessy and D. J. Ottaway and R. S. Ottens and
                  H. Overmier and B. J. Owen and A. Pai and S. A. Pai and
                  J. R. Palamos and O. Palashov and N. Palliyaguru and
                  C. Palomba and A. Pal-Singh and H. Pan and C. Pankow and
                  F. Pannarale and B. C. Pant and F. Paoletti and A. Paoli and
                  M. A. Papa and H. R. Paris and W. Parker and D. Pascucci and
                  A. Pasqualetti and R. Passaquieti and D. Passuello and
                  B. Patricelli and Z. Patrick and B. L. Pearlstone and
                  M. Pedraza and R. Pedurand and L. Pekowsky and A. Pele and
                  S. Penn and A. Perreca and M. Phelps and O. Piccinni and
                  M. Pichot and F. Piergiovanni and V. Pierro and G. Pillant and
                  L. Pinard and I. M. Pinto and M. Pitkin and R. Poggiani and
                  P. Popolizio and A. Post and J. Powell and J. Prasad and
                  V. Predoi and S. S. Premachandra and T. Prestegard and
                  L. R. Price and M. Prijatelj and M. Principe and S. Privitera
                  and G. A. Prodi and L. Prokhorov and O. Puncken and M. Punturo
                  and P. Puppo and M. Pürrer and H. Qi and J. Qin and
                  V. Quetschke and E. A. Quintero and R. Quitzow-James and
                  F. J. Raab and D. S. Rabeling and H. Radkins and P. Raffai and
                  S. Raja and M. Rakhmanov and P. Rapagnani and V. Raymond and
                  M. Razzano and V. Re and J. Read and C. M. Reed and
                  T. Regimbau and L. Rei and S. Reid and D. H. Reitze and H. Rew
                  and S. D. Reyes and F. Ricci and K. Riles and N. A. Robertson
                  and R. Robie and F. Robinet and A. Rocchi and L. Rolland and
                  J. G. Rollins and V. J. Roma and R. Romano and G. Romanov and
                  J. H. Romie and D. Rosi{\'{n}}ska and S. Rowan and A. Rüdiger
                  and P. Ruggi and K. Ryan and S. Sachdev and T. Sadecki and
                  L. Sadeghian and L. Salconi and M. Saleem and F. Salemi and
                  A. Samajdar and L. Sammut and E. J. Sanchez and V. Sandberg
                  and B. Sandeen and J. R. Sanders and B. Sassolas and
                  B. S. Sathyaprakash and P. R. Saulson and O. Sauter and
                  R. L. Savage and A. Sawadsky and P. Schale and R. Schilling
                  and J. Schmidt and P. Schmidt and R. Schnabel and
                  R. M. S. Schofield and A. Schönbeck and E. Schreiber and
                  D. Schuette and B. F. Schutz and J. Scott and S. M. Scott and
                  D. Sellers and D. Sentenac and V. Sequino and A. Sergeev and
                  G. Serna and Y. Setyawati and A. Sevigny and D. A. Shaddock
                  and S. Shah and M. S. Shahriar and M. Shaltev and Z. Shao and
                  B. Shapiro and P. Shawhan and A. Sheperd and D. H. Shoemaker
                  and D. M. Shoemaker and K. Siellez and X. Siemens and D. Sigg
                  and A. D. Silva and D. Simakov and A. Singer and A. Singh and
                  R. Singh and A. Singhal and A. M. Sintes and
                  B. J. J. Slagmolen and J. R. Smith and N. D. Smith and
                  R. J. E. Smith and E. J. Son and B. Sorazu and F. Sorrentino
                  and T. Souradeep and A. K. Srivastava and A. Staley and
                  M. Steinke and J. Steinlechner and S. Steinlechner and
                  D. Steinmeyer and B. C. Stephens and R. Stone and K. A. Strain
                  and N. Straniero and G. Stratta and N. A. Strauss and
                  S. Strigin and R. Sturani and A. L. Stuver and
                  T. Z. Summerscales and L. Sun and P. J. Sutton and
                  B. L. Swinkels and M. J. Szczepa{\'{n}}czyk and M. Tacca and
                  D. Talukder and D. B. Tanner and M. T{\'{a}}pai and
                  S. P. Tarabrin and A. Taracchini and R. Taylor and T. Theeg
                  and M. P. Thirugnanasambandam and E. G. Thomas and M. Thomas
                  and P. Thomas and K. A. Thorne and K. S. Thorne and E. Thrane
                  and S. Tiwari and V. Tiwari and K. V. Tokmakov and
                  C. Tomlinson and M. Tonelli and C. V. Torres and C. I. Torrie
                  and D. Töyrä and F. Travasso and G. Traylor and
                  D. Trifir{\`{o}} and M. C. Tringali and L. Trozzo and M. Tse
                  and M. Turconi and D. Tuyenbayev and D. Ugolini and
                  C. S. Unnikrishnan and A. L. Urban and S. A. Usman and
                  H. Vahlbruch and G. Vajente and G. Valdes and N. van Bakel and
                  M. van Beuzekom and J. F. J. van den Brand and C. Van Den
                  Broeck and D. C. Vander-Hyde and L. van der Schaaf and
                  J. V. van Heijningen and A. A. van Veggel and M. Vardaro and
                  S. Vass and M. Vas{\'{u}}th and R. Vaulin and A. Vecchio and
                  G. Vedovato and J. Veitch and P. J. Veitch and K. Venkateswara
                  and D. Verkindt and F. Vetrano and A. Vicer{\'{e}} and
                  S. Vinciguerra and D. J. Vine and J.-Y. Vinet and S. Vitale
                  and T. Vo and H. Vocca and C. Vorvick and D. Voss and
                  W. D. Vousden and S. P. Vyatchanin and A. R. Wade and
                  L. E. Wade and M. Wade and M. Walker and L. Wallace and
                  S. Walsh and G. Wang and H. Wang and M. Wang and X. Wang and
                  Y. Wang and R. L. Ward and J. Warner and M. Was and B. Weaver
                  and L.-W. Wei and M. Weinert and A. J. Weinstein and R. Weiss
                  and T. Welborn and L. Wen and P. We{\ss}els and T. Westphal
                  and K. Wette and J. T. Whelan and D. J. White and
                  B. F. Whiting and R. D. Williams and A. R. Williamson and
                  J. L. Willis and B. Willke and M. H. Wimmer and W. Winkler and
                  C. C. Wipf and H. Wittel and G. Woan and J. Worden and
                  J. L. Wright and G. Wu and J. Yablon and W. Yam and
                  H. Yamamoto and C. C. Yancey and M. J. Yap and H. Yu and
                  M. Yvert and A. Zadro{\.{z}}ny and L. Zangrando and M. Zanolin
                  and J.-P. Zendri and M. Zevin and F. Zhang and L. Zhang and
                  M. Zhang and Y. Zhang and C. Zhao and M. Zhou and Z. Zhou and
                  X. J. Zhu and M. E. Zucker and S. E. Zuraw and J. Zweizig and
                  J. Allison and K. Bannister and M. E. Bell and S. Chatterjee
                  and A. P. Chippendale and P. G. Edwards and L. Harvey-Smith
                  and Ian Heywood and A. Hotan and B. Indermuehle and J. Marvil
                  and D. McConnell and T. Murphy and A. Popping and J. Reynolds
                  and R. J. Sault and M. A. Voronkov and M. T. Whiting and
                  A. J. Castro-Tirado and R. Cunniffe and M. Jel{\'{\i}}nek and
                  J. C. Tello and S. R. Oates and Y.-D. Hu and P. Kub{\'{a}}nek
                  and S. Guziy and A. Castell{\'{o}}n and
                  A. Garc{\'{\i}}a-Cerezo and V. F. Mu{\~{n}}oz and
                  C. P{\'{e}}rez del Pulgar and S. Castillo-Carri{\'{o}}n and
                  J. M. Castro Cer{\'{o}}n and R. Hudec and
                  M. D. Caballero-Garc{\'{\i}}a and P. P{\'{a}}ta and S. Vitek
                  and J. A. Adame and S. Konig and F. Rend{\'{o}}n and T. de
                  J. Mateo Sanguino and R. Fern{\'{a}}ndez-Mu{\~{n}}oz and
                  P. C. Yock and N. Rattenbury and W. H. Allen and R. Querel and
                  S. Jeong and I. H. Park and J. Bai and Ch. Cui and Y. Fan and
                  Ch. Wang and D. Hiriart and W. H. Lee and A. Claret and
                  R. S{\'{a}}nchez-Ram{\'{\i}}rez and S. B. Pandey and
                  T. Mediavilla and L. Sabau-Graziati and T. M. C. Abbott and
                  F. B. Abdalla and S. Allam and J. Annis and R. Armstrong and
                  A. Benoit-L{\'{e}}vy and E. Berger and R. A. Bernstein and
                  E. Bertin and D. Brout and E. Buckley-Geer and D. L. Burke and
                  D. Capozzi and J. Carretero and F. J. Castander and
                  R. Chornock and P. S. Cowperthwaite and M. Crocce and
                  C. E. Cunha and C. B. D'Andrea and L. N. da Costa and S. Desai
                  and H. T. Diehl and J. P. Dietrich and Z. Doctor and
                  A. Drlica-Wagner and M. R. Drout and T. F. Eifler and
                  J. Estrada and A. E. Evrard and E. Fernandez and D. A. Finley
                  and B. Flaugher and R. J. Foley and W.-F. Fong and P. Fosalba
                  and D. B. Fox and J. Frieman and C. L. Fryer and E. Gaztanaga
                  and D. W. Gerdes and D. A. Goldstein and D. Gruen and
                  R. A. Gruendl and G. Gutierrez and K. Herner and K. Honscheid
                  and D. J. James and M. D. Johnson and M. W. G. Johnson and
                  I. Karliner and D. Kasen and S. Kent and R. Kessler and
                  A. G. Kim and M. C. Kind and K. Kuehn and N. Kuropatkin and
                  O. Lahav and T. S. Li and M. Lima and H. Lin and M. A. G. Maia
                  and R. Margutti and J. Marriner and P. Martini and T. Matheson
                  and P. Melchior and B. D. Metzger and C. J. Miller and
                  R. Miquel and E. Neilsen and R. C. Nichol and B. Nord and
                  P. Nugent and R. Ogando and D. Petravick and A. A. Plazas and
                  E. Quataert and N. Roe and A. K. Romer and A. Roodman and
                  A. C. Rosell and E. S. Rykoff and M. Sako and E. Sanchez and
                  V. Scarpine and R. Schindler and M. Schubnell and D. Scolnic
                  and I. Sevilla-Noarbe and E. Sheldon and N. Smith and
                  R. C. Smith and M. Soares-Santos and F. Sobreira and
                  A. Stebbins and E. Suchyta and M. E. C. Swanson and G. Tarle
                  and J. Thaler and D. Thomas and R. C. Thomas and D. L. Tucker
                  and V. Vikram and A. R. Walker and R. H. Wechsler and
                  W. Wester and B. Yanny and Y. Zhang and J. Zuntz and
                  V. Connaughton and E. Burns and A. Goldstein and M. S. Briggs
                  and B.-B. Zhang and C. M. Hui and P. Jenke and
                  C. A. Wilson-Hodge and P. N. Bhat and E. Bissaldi and
                  W. Cleveland and G. Fitzpatrick and M. M. Giles and
                  M. H. Gibby and J. Greiner and A. von Kienlin and R. M. Kippen
                  and S. McBreen and B. Mailyan and C. A. Meegan and
                  W. S. Paciesas and R. D. Preece and O. Roberts and L. Sparke
                  and M. Stanbro and K. Toelge and P. Veres and H.-F. Yu and
                  L. Blackburn and M. Ackermann and M. Ajello and A. Albert and
                  B. Anderson and W. B. Atwood and M. Axelsson and L. Baldini
                  and G. Barbiellini and D. Bastieri and R. Bellazzini and
                  E. Bissaldi and R. D. Blandford and E. D. Bloom and R. Bonino
                  and E. Bottacini and T. J. Brandt and P. Bruel and S. Buson
                  and G. A. Caliandro and R. A. Cameron and M. Caragiulo and
                  P. A. Caraveo and E. Cavazzuti and E. Charles and A. Chekhtman
                  and J. Chiang and G. Chiaro and S. Ciprini and J. Cohen-Tanugi
                  and L. R. Cominsky and F. Costanza and A. Cuoco and
                  F. D'Ammando and F. de Palma and R. Desiante and S. W. Digel
                  and N. Di Lalla and M. Di Mauro and L. Di Venere and
                  A. Dom{\'{\i}}nguez and P. S. Drell and R. Dubois and
                  C. Favuzzi and E. C. Ferrara and A. Franckowiak and
                  Y. Fukazawa and S. Funk and P. Fusco and F. Gargano and
                  D. Gasparrini and N. Giglietto and P. Giommi and F. Giordano
                  and M. Giroletti and T. Glanzman and G. Godfrey and
                  G. A. Gomez-Vargas and D. Green and I. A. Grenier and
                  J. E. Grove and S. Guiriec and D. Hadasch and A. K. Harding
                  and E. Hays and J. W. Hewitt and A. B. Hill and D. Horan and
                  T. Jogler and G. J{\'{o}}hannesson and A. S. Johnson and
                  S. Kensei and D. Kocevski and M. Kuss and G. La Mura and
                  S. Larsson and L. Latronico and J. Li and L. Li and F. Longo
                  and F. Loparco and M. N. Lovellette and P. Lubrano and
                  J. Magill and S. Maldera and A. Manfreda and M. Marelli and
                  M. Mayer and M. N. Mazziotta and J. E. McEnery and M. Meyer
                  and P. F. Michelson and N. Mirabal and T. Mizuno and
                  A. A. Moiseev and M. E. Monzani and E. Moretti and A. Morselli
                  and I. V. Moskalenko and M. Negro and E. Nuss and T. Ohsugi
                  and N. Omodei and M. Orienti and E. Orlando and J. F. Ormes
                  and D. Paneque and J. S. Perkins and M. Pesce-Rollins and
                  F. Piron and G. Pivato and T. A. Porter and J. L. Racusin and
                  S. Rain{\`{o}} and R. Rando and S. Razzaque and A. Reimer and
                  O. Reimer and D. Salvetti and P. M. Saz Parkinson and
                  C. Sgr{\`{o}} and D. Simone and E. J. Siskind and F. Spada and
                  G. Spandre and P. Spinelli and D. J. Suson and H. Tajima and
                  J. B. Thayer and D. J. Thompson and L. Tibaldo and
                  D. F. Torres and E. Troja and Y. Uchiyama and T. M. Venters
                  and G. Vianello and K. S. Wood and M. Wood and S. Zhu and
                  S. Zimmer and E. Brocato and E. Cappellaro and S. Covino and
                  A. Grado and L. Nicastro and E. Palazzi and E. Pian and
                  L. Amati and L. A. Antonelli and M. Capaccioli and P. D'Avanzo
                  and V. D'Elia and F. Getman and G. Giuffrida and G. Iannicola
                  and L. Limatola and M. Lisi and S. Marinoni and P. Marrese and
                  A. Melandri and S. Piranomonte and A. Possenti and L. Pulone
                  and A. Rossi and A. Stamerra and L. Stella and V. Testa and
                  L. Tomasella and S. Yang and A. Bazzano and E. Bozzo and
                  S. Brandt and T. J.-L. Courvoisier and C. Ferrigno and
                  L. Hanlon and E. Kuulkers and P. Laurent and S. Mereghetti and
                  J. P. Roques and V. Savchenko and P. Ubertini and
                  M. M. Kasliwal and L. P. Singer and Y. Cao and G. Duggan and
                  S. R. Kulkarni and V. Bhalerao and A. A. Miller and T. Barlow
                  and E. Bellm and I. Manulis and J. Rana and R. Laher and
                  F. Masci and J. Surace and U. Rebbapragada and D. Cook and
                  A. Van Sistine and B. Sesar and D. Perley and R. Ferreti and
                  T. Prince and R. Kendrick and A. Horesh and K. Hurley and
                  S. V. Golenetskii and R. L. Aptekar and D. D. Frederiks and
                  D. S. Svinkin and A. Rau and A. von Kienlin and X. Zhang and
                  D. M. Smith and T. Cline and H. Krimm and F. Abe and M. Doi
                  and K. Fujisawa and K. S. Kawabata and T. Morokuma and
                  K. Motohara and M. Tanaka and K. Ohta and K. Yanagisawa and
                  M. Yoshida and C. Baltay and D. Rabinowitz and N. Ellman and
                  S. Rostami and D. F. Bersier and M. F. Bode and C. A. Collins
                  and C. M. Copperwheat and M. J. Darnley and D. K. Galloway and
                  A. Gomboc and S. Kobayashi and P. Mazzali and C. G. Mundell
                  and A. S. Piascik and Don Pollacco and I. A. Steele and
                  K. Ulaczyk and J. W. Broderick and R. P. Fender and
                  P. G. Jonker and A. Rowlinson and B. W. Stappers and
                  R. A. M. J. Wijers and V. Lipunov and E. Gorbovskoy and
                  N. Tyurina and V. Kornilov and P. Balanutsa and A. Kuznetsov
                  and D. Buckley and R. Rebolo and M. Serra-Ricart and
                  G. Israelian and N. M. Budnev and O. Gress and K. Ivanov and
                  V. Poleshuk and A. Tlatov and V. Yurkov and N. Kawai and
                  M. Serino and H. Negoro and S. Nakahira and T. Mihara and
                  H. Tomida and S. Ueno and H. Tsunemi and M. Matsuoka and
                  S. Croft and L. Feng and T. M. O. Franzen and B. M. Gaensler
                  and M. Johnston-Hollitt and D. L. Kaplan and M. F. Morales and
                  S. J. Tingay and R. B. Wayth and A. Williams and S. J. Smartt
                  and K. C. Chambers and K. W. Smith and M. E. Huber and
                  D. R. Young and D. E. Wright and A. Schultz and L. Denneau and
                  H. Flewelling and E. A. Magnier and N. Primak and A. Rest and
                  A. Sherstyuk and B. Stalder and C. W. Stubbs and J. Tonry and
                  C. Waters and M. Willman and F. Olivares E. and H. Campbell
                  and R. Kotak and J. Sollerman and M. Smith and M. Dennefeld
                  and J. P. Anderson and M. T. Botticella and T.-W. Chen and
                  M. D. Valle and N. Elias-Rosa and M. Fraser and C. Inserra and
                  E. Kankare and T. Kupfer and J. Harmanen and L. Galbany and
                  L. Le Guillou and J. D. Lyman and K. Maguire and A. Mitra and
                  M. Nicholl and A. Razza and G. Terreran and S. Valenti and
                  A. Gal-Yam and A. {\'{C}}wiek and M. {\'{C}}wiok and
                  L. Mankiewicz and R. Opiela and M. Zaremba and
                  A. F. {\.{Z}}arnecki and C. A. Onken and R. A. Scalzo and
                  B. P. Schmidt and C. Wolf and F. Yuan and P. A. Evans and
                  J. A. Kennea and D. N. Burrows and S. Campana and S. B. Cenko
                  and P. Giommi and F. E. Marshall and J. Nousek and P. O'Brien
                  and J. P. Osborne and D. Palmer and M. Perri and M. Siegel and
                  G. Tagliaferri and A. Klotz and D. Turpin and R. Laugier and
                  M. Beroiz and T. Pe{\~{n}}uela and L. M. Macri and
                  R. J. Oelkers and D. G. Lambas and R. Vrech and J. Cabral and
                  C. Colazo and M. Dominguez and B. Sanchez and S. Gurovich and
                  M. Lares and J. L. Marshall and D. L. DePoy and N. Padilla and
                  N. A. Pereyra and M. Benacquista and N. R. Tanvir and
                  K. Wiersema and A. J. Levan and D. Steeghs and J. Hjorth and
                  J. P. U. Fynbo and D. Malesani and B. Milvang-Jensen and
                  D. Watson and M. Irwin and C. G. Fernandez and R. G. McMahon
                  and M. Banerji and E. Gonzalez-Solares and S. Schulze and
                  A. de Ugarte Postigo and C. C. Thoene and Z. Cano and
                  S. Rosswog and and and and and and and and and and and and and
                  and and and and and and and and and and and and},
  title        = {Localization and Broadband Follow-Up of the Gravitational-Wave Transient {GW}150914},
  journal      = {The Astrophysical Journal},
  abstract     = {A gravitational-wave (GW) transient was identified in data
                  recorded by the Advanced Laser Interferometer
                  Gravitational-wave Observatory (LIGO) detectors on 2015
                  September 14. The event, initially designated G184098 and
                  later given the name GW150914, is described in detail
                  elsewhere. By prior arrangement, preliminary estimates of the
                  time, significance, and sky location of the event were shared
                  with 63 teams of observers covering radio, optical,
                  near-infrared, X-ray, and gamma-ray wavelengths with ground-
                  and space-based facilities. In this Letter we describe the
                  low-latency analysis of the GW data and present the sky
                  localization of the first observed compact binary merger. We
                  summarize the follow-up observations reported by 25 teams via
                  private Gamma-ray Coordinates Network circulars, giving an
                  overview of the participating facilities, the GW sky
                  localization coverage, the timeline, and depth of the
                  observations. As this event turned out to be a binary black
                  hole merger, there is little expectation of a detectable
                  electromagnetic (EM) signature. Nevertheless, this first
                  broadband campaign to search for a counterpart of an Advanced
                  LIGO source represents a milestone and highlights the broad
                  capabilities of the transient astronomy community and the
                  observing strategies that have been developed to pursue
                  neutron star binary merger events. Detailed investigations of
                  the EM data and results of the EM follow-up campaign are being
                  disseminated in papers by the individual teams.}
}

% --------------------
% Local Variables:
% mode: bibtex
% fill-column: 80
% coding: utf-8-unix
% End:
